name,ttm,06/30/2021,03/31/2021,12/31/2020,09/30/2020,06/30/2020,03/31/2020,12/31/2019,09/30/2019,06/30/2019,03/31/2019,12/31/2018,09/30/2018,06/30/2018,03/31/2018,12/31/2017,09/30/2017,06/30/2017,03/31/2017,12/31/2016,09/30/2016,06/30/2016,03/31/2016,12/31/2015,09/30/2015,06/30/2015,03/31/2015,12/31/2014,09/30/2014,06/30/2014,03/31/2014,12/31/2013,09/30/2013,06/30/2013,03/31/2013,12/31/2012,09/30/2012,06/30/2012,03/31/2012,12/31/2011,09/30/2011,06/30/2011,03/31/2011,12/31/2010,09/30/2010,06/30/2010,03/31/2010,12/31/2009,09/30/2009,06/30/2009,03/31/2009,12/31/2008,09/30/2008,06/30/2008,03/31/2008,12/31/2007,09/30/2007,06/30/2007,03/31/2007,12/31/2006,09/30/2006,06/30/2006,03/31/2006,12/31/2005,09/30/2005,06/30/2005,03/31/2005,12/31/2004,09/30/2004,06/30/2004,03/31/2004,12/31/2003,09/30/2003,06/30/2003,03/31/2003,12/31/2002,09/30/2002,06/30/2002,03/31/2002,12/31/2001,09/30/2001,06/30/2001,03/31/2001,12/31/2000,09/30/2000,06/30/2000,03/31/2000,12/31/1999,09/30/1999,06/30/1999,03/31/1999,12/31/1998,09/30/1998,06/30/1998,03/31/1998,12/31/1997,09/30/1997,06/30/1997,03/31/1997,12/31/1996,09/30/1996,06/30/1996,03/31/1996,12/31/1995,09/30/1995,06/30/1995,03/31/1995,12/31/1994,09/30/1994,06/30/1994,03/31/1994,12/31/1993,09/30/1993,06/30/1993,03/31/1993,12/31/1992,09/30/1992,06/30/1992,03/31/1992,12/31/1991,09/30/1991,06/30/1991,03/31/1991,12/31/1990,09/30/1990,06/30/1990,03/31/1990,12/31/1989,09/30/1989,06/30/1989,03/31/1989,12/31/1988,09/30/1988,06/30/1988,03/31/1988,12/31/1987,09/30/1987,06/30/1987,03/31/1987,12/31/1986,09/30/1986,06/30/1986,03/31/1986,12/31/1985,09/30/1985
TotalRevenue,74402000000.00 ,18745000000.00 ,17729000000.00 ,20368000000.00 ,17561000000.00 ,18123000000.00 ,17570000000.00 ,21777000000.00 ,18027000000.00 ,19161000000.00 ,18181000000.00 ,21760000000.00 ,18755000000.00 ,20003000000.00 ,19071000000.00 ,22543000000.00 ,19153000000.00 ,19289000000.00 ,18155000000.00 ,21771000000.00 ,19227000000.00 ,20239000000.00 ,18684000000.00 ,22060000000.00 ,19280000000.00 ,20813000000.00 ,19590000000.00 ,24113000000.00 ,22397000000.00 ,24363000000.00 ,22483000000.00 ,27699000000.00 ,23721000000.00 ,24924000000.00 ,23408000000.00 ,29304000000.00 ,24747000000.00 ,25783000000.00 ,24673000000.00 ,29486000000.00 ,26157000000.00 ,26666000000.00 ,24607000000.00 ,29018000000.00 ,24271000000.00 ,23724000000.00 ,22856000000.00 ,27230000000.00 ,23566000000.00 ,23250000000.00 ,21711000000.00 ,27007000000.00 ,25302000000.00 ,26178000000.00 ,23862000000.00 ,30718000000.00 ,23490000000.00 ,23170000000.00 ,21408000000.00 ,26258000000.00 ,22617000000.00 ,21890000000.00 ,20659000000.00 ,24427000000.00 ,21529000000.00 ,22270000000.00 ,22908000000.00 ,27461000000.00 ,23429000000.00 ,23153000000.00 ,22250000000.00 ,25913000000.00 ,21522000000.00 ,21631000000.00 ,20065000000.00 ,23684000000.00 ,19821000000.00 ,19651000000.00 ,18551000000.00 ,22826000000.00 ,20428000000.00 ,21568000000.00 ,21044000000.00 ,25616000000.00 ,21781000000.00 ,21651000000.00 ,19348000000.00 ,24182000000.00 ,21144000000.00 ,21905000000.00 ,20317000000.00 ,22539000000.00 ,20095000000.00 ,18823000000.00 ,17618000000.00 ,23723000000.00 ,18605000000.00 ,18872000000.00 ,17308000000.00 ,21519000000.00 ,18062000000.00 ,18183000000.00 ,16559000000.00 ,21920000000.00 ,16754000000.00 ,17531000000.00 ,15735000000.00 ,19896000000.00 ,15431000000.00 ,15351000000.00 ,13373000000.00 ,19396000000.00 ,14743000000.00 ,15519000000.00 ,13058000000.00 ,19560000000.00 ,14702000000.00 ,16224000000.00 ,14037000000.00 ,22082000000.00 ,14433000000.00 ,14732000000.00 ,13545000000.00 ,23061000000.00 ,15277000000.00 ,16495000000.00 ,14185000000.00 ,20462000000.00 ,14305000000.00 ,15213000000.00 ,12730000000.00 ,20937000000.00 ,13960000000.00 ,13599000000.00 ,11749000000.00 ,18011000000.00 ,12727000000.00 ,8510000000.00 ,6500000000.00 ,16945000000.00 ,11910000000.00 ,12268000000.00 ,10127000000.00 ,17155000000.00 ,11698000000.00 
"	OperatingRevenue",74402000000.00 ,18745000000.00 ,17729000000.00 ,20368000000.00 ,17561000000.00 ,18123000000.00 ,17570000000.00 ,21777000000.00 ,18027000000.00 ,19161000000.00 ,18181000000.00 ,21760000000.00 ,18755000000.00 ,20003000000.00 ,19071000000.00 ,22543000000.00 ,19153000000.00 ,19289000000.00 ,18155000000.00 ,21771000000.00 ,19227000000.00 ,20239000000.00 ,18684000000.00 ,22060000000.00 ,19280000000.00 ,20813000000.00 ,19590000000.00 ,24113000000.00 ,22397000000.00 ,24363000000.00 ,22483000000.00 ,27699000000.00 ,23721000000.00 ,24924000000.00 ,23408000000.00 ,29304000000.00 ,24747000000.00 ,25783000000.00 ,24673000000.00 ,29486000000.00 ,26157000000.00 ,26666000000.00 ,24607000000.00 ,29019000000.00 ,24271000000.00 ,23723000000.00 ,22858000000.00 ,27230000000.00 ,23566000000.00 ,23251000000.00 ,21711000000.00 ,27007000000.00 ,25302000000.00 ,26179000000.00 ,23862000000.00 ,30718000000.00 ,23490000000.00 ,23169000000.00 ,21408000000.00 ,26257000000.00 ,22617000000.00 ,21889000000.00 ,20659000000.00 ,24427000000.00 ,21529000000.00 ,22270000000.00 ,22908000000.00 ,27461000000.00 ,23429000000.00 ,23153000000.00 ,22250000000.00 ,25913000000.00 ,21522000000.00 ,21631000000.00 ,20065000000.00 ,23684000000.00 ,19821000000.00 ,19651000000.00 ,18551000000.00 ,22826000000.00 ,20428000000.00 ,21568000000.00 ,21044000000.00 ,25616000000.00 ,21781000000.00 ,21651000000.00 ,19348000000.00 ,24182000000.00 ,21144000000.00 ,21905000000.00 ,20317000000.00 ,22539000000.00 ,20095000000.00 ,18823000000.00 ,17618000000.00 ,23723000000.00 ,18605000000.00 ,18872000000.00 ,17308000000.00 ,21519000000.00 ,18062000000.00 ,18183000000.00 ,16559000000.00 ,21920000000.00 ,16754000000.00 ,17531000000.00 ,15735000000.00 ,19896000000.00 ,15431000000.00 ,15351000000.00 ,13373000000.00 ,19396000000.00 ,14743000000.00 ,15519000000.00 ,13058000000.00 ,19560000000.00 ,14702000000.00 ,16224000000.00 ,14037000000.00 ,22082000000.00 ,14433000000.00 ,14732000000.00 ,13545000000.00 ,23061000000.00 ,15277000000.00 ,16495000000.00 ,14185000000.00 ,20462000000.00 ,14305000000.00 ,15213000000.00 ,12730000000.00 ,20937000000.00 ,13960000000.00 ,13599000000.00 ,11749000000.00 ,18011000000.00 ,12727000000.00 ,8510000000.00 ,6500000000.00 ,16945000000.00 ,11910000000.00 ,12268000000.00 ,10127000000.00 ,17155000000.00 ,11698000000.00 
CostOfRevenue,38241000000.00 ,9741000000.00 ,9525000000.00 ,9844000000.00 ,9130000000.00 ,9423000000.00 ,9649000000.00 ,10677000000.00 ,9692000000.00 ,10151000000.00 ,10139000000.00 ,11073000000.00 ,9953000000.00 ,10804000000.00 ,10825000000.00 ,11681000000.00 ,10353000000.00 ,10495000000.00 ,10383000000.00 ,10877000000.00 ,10213000000.00 ,10536000000.00 ,9999000000.00 ,10652000000.00 ,9844000000.00 ,10423000000.00 ,10138000000.00 ,11251000000.00 ,11523000000.00 ,12389000000.00 ,11941000000.00 ,13383000000.00 ,12341000000.00 ,12792000000.00 ,12730000000.00 ,14137000000.00 ,13016000000.00 ,13502000000.00 ,13555000000.00 ,14764000000.00 ,13984000000.00 ,14282000000.00 ,13749000000.00 ,14792000000.00 ,13270000000.00 ,12915000000.00 ,12880000000.00 ,14085000000.00 ,12938000000.00 ,12669000000.00 ,12280000000.00 ,14071000000.00 ,14342000000.00 ,15221000000.00 ,14336000000.00 ,15897000000.00 ,14163000000.00 ,13834000000.00 ,13163000000.00 ,14556000000.00 ,13126000000.00 ,12876000000.00 ,12571000000.00 ,13662000000.00 ,12791000000.00 ,13495000000.00 ,14654000000.00 ,16609000000.00 ,14783000000.00 ,14628000000.00 ,14241000000.00 ,15938000000.00 ,13710000000.00 ,13633000000.00 ,12832000000.00 ,14493000000.00 ,12498000000.00 ,12381000000.00 ,12115000000.00 ,14081000000.00 ,13037000000.00 ,13530000000.00 ,13436000000.00 ,15947000000.00 ,13980000000.00 ,13708000000.00 ,12337000000.00 ,15299000000.00 ,13580000000.00 ,13681000000.00 ,13059000000.00 ,15322000000.00 ,12628000000.00 ,11677000000.00 ,11168000000.00 ,14205000000.00 ,11507000000.00 ,11471000000.00 ,10716000000.00 ,12198000000.00 ,10804000000.00 ,10992000000.00 ,9790000000.00 ,12769000000.00 ,9833000000.00 ,9900000000.00 ,9071000000.00 ,11810000000.00 ,9277000000.00 ,9247000000.00 ,8433000000.00 ,10950000000.00 ,7928000000.00 ,8472000000.00 ,6508000000.00 ,10452000000.00 ,5560000000.00 ,7060000000.00 ,5739000000.00 ,10078000000.00 ,6152000000.00 ,6014000000.00 ,5079000000.00 ,9227000000.00 ,5510000000.00 ,6580000000.00 ,5189000000.00 ,,,,,,,,,,,,,,,,,,
GrossProfit,36161000000.00 ,9004000000.00 ,8204000000.00 ,10523000000.00 ,8430000000.00 ,8700000000.00 ,7922000000.00 ,11100000000.00 ,8336000000.00 ,9010000000.00 ,8043000000.00 ,10687000000.00 ,8803000000.00 ,9199000000.00 ,8247000000.00 ,10862000000.00 ,8800000000.00 ,8794000000.00 ,7772000000.00 ,10893000000.00 ,9013000000.00 ,9702000000.00 ,8686000000.00 ,11406000000.00 ,9436000000.00 ,10390000000.00 ,9452000000.00 ,12862000000.00 ,10874000000.00 ,11975000000.00 ,10543000000.00 ,14316000000.00 ,11380000000.00 ,12132000000.00 ,10678000000.00 ,15167000000.00 ,11731000000.00 ,12281000000.00 ,11118000000.00 ,14722000000.00 ,12173000000.00 ,12384000000.00 ,10858000000.00 ,14227000000.00 ,11001000000.00 ,10809000000.00 ,9976000000.00 ,13145000000.00 ,10627000000.00 ,10581000000.00 ,9431000000.00 ,12936000000.00 ,10960000000.00 ,10957000000.00 ,9526000000.00 ,14821000000.00 ,9327000000.00 ,9336000000.00 ,8245000000.00 ,11701000000.00 ,9492000000.00 ,9014000000.00 ,8088000000.00 ,10765000000.00 ,8738000000.00 ,8775000000.00 ,8254000000.00 ,10852000000.00 ,8646000000.00 ,8525000000.00 ,8009000000.00 ,9975000000.00 ,7812000000.00 ,7998000000.00 ,7233000000.00 ,9191000000.00 ,7323000000.00 ,7270000000.00 ,6436000000.00 ,8745000000.00 ,7391000000.00 ,8038000000.00 ,7608000000.00 ,9669000000.00 ,7801000000.00 ,7943000000.00 ,7011000000.00 ,8883000000.00 ,7564000000.00 ,8224000000.00 ,7258000000.00 ,7217000000.00 ,7467000000.00 ,7146000000.00 ,6450000000.00 ,9518000000.00 ,7098000000.00 ,7401000000.00 ,6592000000.00 ,9321000000.00 ,7258000000.00 ,7191000000.00 ,6769000000.00 ,9151000000.00 ,6921000000.00 ,7631000000.00 ,6664000000.00 ,8086000000.00 ,6154000000.00 ,6104000000.00 ,4940000000.00 ,8446000000.00 ,6815000000.00 ,7047000000.00 ,6550000000.00 ,9108000000.00 ,9142000000.00 ,9164000000.00 ,8298000000.00 ,12004000000.00 ,8281000000.00 ,8718000000.00 ,8466000000.00 ,13834000000.00 ,9767000000.00 ,9915000000.00 ,8996000000.00 ,,,,,,,,,,,,,,,,,,
OperatingExpense,28102000000.00 ,6857000000.00 ,6658000000.00 ,8563000000.00 ,6027000000.00 ,6627000000.00 ,7463000000.00 ,6834000000.00 ,6398000000.00 ,6624000000.00 ,6002000000.00 ,5863000000.00 ,5336000000.00 ,5931000000.00 ,6520000000.00 ,6210000000.00 ,5674000000.00 ,6261000000.00 ,6224000000.00 ,5889000000.00 ,5633000000.00 ,6423000000.00 ,7156000000.00 ,6279000000.00 ,5805000000.00 ,6278000000.00 ,6404000000.00 ,7045000000.00 ,6389000000.00 ,6802000000.00 ,7528000000.00 ,7274000000.00 ,6502000000.00 ,7957000000.00 ,7016000000.00 ,6377000000.00 ,7443000000.00 ,7425000000.00 ,7479000000.00 ,7631000000.00 ,7207000000.00 ,7600000000.00 ,7409000000.00 ,7539000000.00 ,6632000000.00 ,6515000000.00 ,7186000000.00 ,7118000000.00 ,6483000000.00 ,6548000000.00 ,6744000000.00 ,7361000000.00 ,7223000000.00 ,7949000000.00 ,7189000000.00 ,7601000000.00 ,6848000000.00 ,7165000000.00 ,6598000000.00 ,7207000000.00 ,6664000000.00 ,6438000000.00 ,6058000000.00 ,6711000000.00 ,6079000000.00 ,7974000000.00 ,6392000000.00 ,6751000000.00 ,6397000000.00 ,6058000000.00 ,5851000000.00 ,6223000000.00 ,5610000000.00 ,5686000000.00 ,5410000000.00 ,6644000000.00 ,5200000000.00 ,6486000000.00 ,5253000000.00 ,7430000000.00 ,5002000000.00 ,5044000000.00 ,5011000000.00 ,5789000000.00 ,4987000000.00 ,5136000000.00 ,4878000000.00 ,5861000000.00 ,4884000000.00 ,4139000000.00 ,5118000000.00 ,6481000000.00 ,5297000000.00 ,5032000000.00 ,4898000000.00 ,6485000000.00 ,5094000000.00 ,5179000000.00 ,4753000000.00 ,6860000000.00 ,5290000000.00 ,5005000000.00 ,4788000000.00 ,8480000000.00 ,4893000000.00 ,4857000000.00 ,4546000000.00 ,6065000000.00 ,4938000000.00 ,5026000000.00 ,4249000000.00 ,7950000000.00 ,6844000000.00 ,15881000000.00 ,6820000000.00 ,4218000000.00 ,13183000000.00 ,7775000000.00 ,7130000000.00 ,13015000000.00 ,7692000000.00 ,8363000000.00 ,7457000000.00 ,9578000000.00 ,7714000000.00 ,7328000000.00 ,6860000000.00 ,,,,,,,,,,,,,,,,,,
"	SellingGeneralAndAdministration",21365000000.00 ,5097000000.00 ,4927000000.00 ,6970000000.00 ,4372000000.00 ,4894000000.00 ,5614000000.00 ,5103000000.00 ,4735000000.00 ,5344000000.00 ,4573000000.00 ,4583000000.00 ,4249000000.00 ,4708000000.00 ,5322000000.00 ,5017000000.00 ,4515000000.00 ,5015000000.00 ,5006000000.00 ,4847000000.00 ,4628000000.00 ,5187000000.00 ,5816000000.00 ,5030000000.00 ,4633000000.00 ,5034000000.00 ,5200000000.00 ,5831000000.00 ,5084000000.00 ,5442000000.00 ,6142000000.00 ,5817000000.00 ,5125000000.00 ,6568000000.00 ,5465000000.00 ,5813000000.00 ,5810000000.00 ,5753000000.00 ,5800000000.00 ,5915000000.00 ,5586000000.00 ,5951000000.00 ,5762000000.00 ,5845000000.00 ,5106000000.00 ,4984000000.00 ,5611000000.00 ,5444000000.00 ,4965000000.00 ,5017000000.00 ,5094000000.00 ,5833000000.00 ,5644000000.00 ,6289000000.00 ,5620000000.00 ,6016000000.00 ,5324000000.00 ,5631000000.00 ,5089000000.00 ,5620000000.00 ,5121000000.00 ,4916000000.00 ,4602000000.00 ,5252000000.00 ,4632000000.00 ,6497000000.00 ,4933000000.00 ,5290000000.00 ,4978000000.00 ,4632000000.00 ,4484000000.00 ,4874000000.00 ,4303000000.00 ,4460000000.00 ,4215000000.00 ,5440000000.00 ,3987000000.00 ,5288000000.00 ,4053000000.00 ,5883000000.00 ,3741000000.00 ,3765000000.00 ,3808000000.00 ,4340000000.00 ,3726000000.00 ,3867000000.00 ,3706000000.00 ,4445000000.00 ,3501000000.00 ,2846000000.00 ,3937000000.00 ,5074000000.00 ,4057000000.00 ,3812000000.00 ,3719000000.00 ,5060000000.00 ,3932000000.00 ,3958000000.00 ,3684000000.00 ,5093000000.00 ,4175000000.00 ,3889000000.00 ,3697000000.00 ,5392000000.00 ,3858000000.00 ,3883000000.00 ,3633000000.00 ,4947000000.00 ,3885000000.00 ,3935000000.00 ,4249000000.00 ,6914000000.00 ,5631000000.00 ,14808000000.00 ,5432000000.00 ,3438000000.00 ,10170000000.00 ,6474000000.00 ,5965000000.00 ,11410000000.00 ,6572000000.00 ,7196000000.00 ,6199000000.00 ,8475000000.00 ,6547000000.00 ,6520000000.00 ,5721000000.00 ,,,,,,,,,,,,,,,,,,
"		GeneralAndAdministrativeExpense",19864000000.00 ,4698000000.00 ,4575000000.00 ,6580000000.00 ,4011000000.00 ,4531000000.00 ,5186000000.00 ,4690000000.00 ,4354000000.00 ,4923000000.00 ,4141000000.00 ,4248000000.00 ,3926000000.00 ,4301000000.00 ,4921000000.00 ,4662000000.00 ,4178000000.00 ,4625000000.00 ,4643000000.00 ,4571000000.00 ,4287000000.00 ,4826000000.00 ,5468000000.00 ,4708000000.00 ,4318000000.00 ,4693000000.00 ,4887000000.00 ,5515000000.00 ,4778000000.00 ,5095000000.00 ,5804000000.00 ,5494000000.00 ,4825000000.00 ,6220000000.00 ,5142000000.00 ,5463000000.00 ,5480000000.00 ,5409000000.00 ,5484000000.00 ,5570000000.00 ,5247000000.00 ,5585000000.00 ,5439000000.00 ,5474000000.00 ,4769000000.00 ,4655000000.00 ,5311000000.00 ,5103000000.00 ,4642000000.00 ,4717000000.00 ,4807000000.00 ,,,,,,,,,,,,,,,,,,,,,,,,,,,,,,,,,,,,,,,,,,,,,,,,,,,,,,,,,,,,,,,,,,,,,,,,,,,,,,,,,,,,,,,,,,,,,,
"			SalariesAndWages",2887000000.00 ,247000000.00 ,269000000.00 ,2224000000.00 ,147000000.00 ,292000000.00 ,845000000.00 ,157000000.00 ,171000000.00 ,588000000.00 ,93000000.00 ,105000000.00 ,121000000.00 ,111000000.00 ,621000000.00 ,387000000.00 ,280000000.00 ,357000000.00 ,516000000.00 ,297000000.00 ,304000000.00 ,304000000.00 ,1276000000.00 ,299000000.00 ,396000000.00 ,463000000.00 ,810000000.00 ,862000000.00 ,306000000.00 ,282000000.00 ,1192000000.00 ,372000000.00 ,369000000.00 ,1370000000.00 ,383000000.00 ,1116000000.00 ,484000000.00 ,310000000.00 ,336000000.00 ,279000000.00 ,264000000.00 ,277000000.00 ,519000000.00 ,279000000.00 ,263000000.00 ,246000000.00 ,836000000.00 ,287000000.00 ,226000000.00 ,239000000.00 ,461000000.00 ,,,,,,,,,,,,,,,,,,,,,,,,,,,,,,,,,,,,,,,,,,,,,,,,,,,,,,,,,,,,,,,,,,,,,,,,,,,,,,,,,,,,,,,,,,,,,,
"			OtherGandA",16977000000.00 ,4451000000.00 ,4306000000.00 ,4356000000.00 ,3864000000.00 ,4239000000.00 ,4341000000.00 ,4533000000.00 ,4183000000.00 ,4335000000.00 ,4048000000.00 ,4143000000.00 ,3805000000.00 ,4190000000.00 ,4300000000.00 ,4275000000.00 ,3898000000.00 ,4268000000.00 ,4127000000.00 ,4274000000.00 ,3983000000.00 ,4522000000.00 ,4192000000.00 ,4409000000.00 ,3922000000.00 ,4230000000.00 ,4077000000.00 ,4653000000.00 ,4472000000.00 ,4813000000.00 ,4612000000.00 ,5122000000.00 ,4456000000.00 ,4850000000.00 ,4759000000.00 ,4347000000.00 ,4996000000.00 ,5099000000.00 ,5148000000.00 ,5291000000.00 ,4983000000.00 ,5308000000.00 ,4920000000.00 ,5195000000.00 ,4506000000.00 ,4409000000.00 ,4475000000.00 ,4816000000.00 ,4416000000.00 ,4478000000.00 ,4346000000.00 ,,,,,,,,,,,,,,,,,,,,,,,,,,,,,,,,,,,,,,,,,,,,,,,,,,,,,,,,,,,,,,,,,,,,,,,,,,,,,,,,,,,,,,,,,,,,,,
"		SellingAndMarketingExpense",1501000000.00 ,399000000.00 ,352000000.00 ,390000000.00 ,361000000.00 ,363000000.00 ,428000000.00 ,413000000.00 ,381000000.00 ,421000000.00 ,432000000.00 ,335000000.00 ,323000000.00 ,407000000.00 ,401000000.00 ,355000000.00 ,337000000.00 ,390000000.00 ,363000000.00 ,276000000.00 ,341000000.00 ,361000000.00 ,348000000.00 ,322000000.00 ,315000000.00 ,341000000.00 ,313000000.00 ,316000000.00 ,306000000.00 ,347000000.00 ,338000000.00 ,323000000.00 ,300000000.00 ,348000000.00 ,323000000.00 ,350000000.00 ,330000000.00 ,344000000.00 ,316000000.00 ,345000000.00 ,339000000.00 ,366000000.00 ,323000000.00 ,371000000.00 ,337000000.00 ,329000000.00 ,300000000.00 ,341000000.00 ,323000000.00 ,300000000.00 ,287000000.00 ,,,,,,,,,,,,,,,,,,,,,,,,,,,,,,,,,,,,,,,,,,,,,,,,,,,,,,,,,,,,,,,,,,,,,,,,,,,,,,,,,,,,,,,,,,,,,,
"	ResearchAndDevelopment",6412000000.00 ,1657000000.00 ,1630000000.00 ,1611000000.00 ,1515000000.00 ,1582000000.00 ,1625000000.00 ,1596000000.00 ,1553000000.00 ,1407000000.00 ,1433000000.00 ,1358000000.00 ,1252000000.00 ,1364000000.00 ,1405000000.00 ,1427000000.00 ,1342000000.00 ,1484000000.00 ,1533000000.00 ,1431000000.00 ,1397000000.00 ,1465000000.00 ,1458000000.00 ,1362000000.00 ,1287000000.00 ,1300000000.00 ,1298000000.00 ,1320000000.00 ,1354000000.00 ,1457000000.00 ,1501000000.00 ,1565000000.00 ,1468000000.00 ,1548000000.00 ,1644000000.00 ,1580000000.00 ,1534000000.00 ,1587000000.00 ,1601000000.00 ,1555000000.00 ,1546000000.00 ,1569000000.00 ,1587000000.00 ,1578000000.00 ,1464000000.00 ,1475000000.00 ,1509000000.00 ,1460000000.00 ,1446000000.00 ,1434000000.00 ,1480000000.00 ,1528000000.00 ,1579000000.00 ,1660000000.00 ,1569000000.00 ,1585000000.00 ,1524000000.00 ,1534000000.00 ,1509000000.00 ,1587000000.00 ,1543000000.00 ,1522000000.00 ,1456000000.00 ,1459000000.00 ,1447000000.00 ,1477000000.00 ,1459000000.00 ,1461000000.00 ,1419000000.00 ,1426000000.00 ,1367000000.00 ,1349000000.00 ,1307000000.00 ,1226000000.00 ,1195000000.00 ,1204000000.00 ,1213000000.00 ,1198000000.00 ,1200000000.00 ,1547000000.00 ,1261000000.00 ,1279000000.00 ,1203000000.00 ,1449000000.00 ,1261000000.00 ,1269000000.00 ,1172000000.00 ,1416000000.00 ,1383000000.00 ,1293000000.00 ,1181000000.00 ,1407000000.00 ,1240000000.00 ,1220000000.00 ,1179000000.00 ,1425000000.00 ,1162000000.00 ,1221000000.00 ,1069000000.00 ,1767000000.00 ,1115000000.00 ,1116000000.00 ,1091000000.00 ,3088000000.00 ,1035000000.00 ,974000000.00 ,913000000.00 ,1118000000.00 ,1053000000.00 ,1091000000.00 ,,,,,,,,,,,,,,,,,,,,,,,,,,,,,,,,,,,
"	DepreciationAmortizationDepletionIncomeStatement",1113000000.00 ,281000000.00 ,277000000.00 ,277000000.00 ,278000000.00 ,284000000.00 ,284000000.00 ,294000000.00 ,276000000.00 ,95000000.00 ,97000000.00 ,106000000.00 ,110000000.00 ,109000000.00 ,110000000.00 ,114000000.00 ,125000000.00 ,127000000.00 ,130000000.00 ,132000000.00 ,136000000.00 ,136000000.00 ,99000000.00 ,80000000.00 ,73000000.00 ,72000000.00 ,79000000.00 ,93000000.00 ,96000000.00 ,94000000.00 ,92000000.00 ,93000000.00 ,100000000.00 ,88000000.00 ,90000000.00 ,87000000.00 ,83000000.00 ,81000000.00 ,78000000.00 ,72000000.00 ,71000000.00 ,73000000.00 ,73000000.00 ,76000000.00 ,62000000.00 ,56000000.00 ,60000000.00 ,67000000.00 ,72000000.00 ,73000000.00 ,73000000.00 ,,,,,,,,,,,,,,,,,,,,,,,,,,,,,,,,,,,,,,,,,,,,,,,,,,,,,,,,,,,,,1036000000.00 ,1213000000.00 ,1073000000.00 ,1388000000.00 ,780000000.00 ,3013000000.00 ,1301000000.00 ,1165000000.00 ,1605000000.00 ,1120000000.00 ,1167000000.00 ,1258000000.00 ,1103000000.00 ,1167000000.00 ,808000000.00 ,1139000000.00 ,,,,,,,,,,,,,,,,,,
"		DepreciationAndAmortizationInIncomeStatement",1113000000.00 ,281000000.00 ,277000000.00 ,277000000.00 ,278000000.00 ,284000000.00 ,284000000.00 ,294000000.00 ,276000000.00 ,95000000.00 ,97000000.00 ,106000000.00 ,110000000.00 ,109000000.00 ,110000000.00 ,114000000.00 ,125000000.00 ,127000000.00 ,130000000.00 ,132000000.00 ,136000000.00 ,136000000.00 ,99000000.00 ,80000000.00 ,73000000.00 ,72000000.00 ,79000000.00 ,93000000.00 ,96000000.00 ,94000000.00 ,92000000.00 ,93000000.00 ,100000000.00 ,88000000.00 ,90000000.00 ,87000000.00 ,83000000.00 ,81000000.00 ,78000000.00 ,72000000.00 ,71000000.00 ,73000000.00 ,73000000.00 ,76000000.00 ,62000000.00 ,56000000.00 ,60000000.00 ,67000000.00 ,72000000.00 ,73000000.00 ,73000000.00 ,,,,,,,,,,,,,,,,,,,,,,,,,,,,,,,,,,,,,,,,,,,,,,,,,,,,,,,,,,,,,1036000000.00 ,1213000000.00 ,1073000000.00 ,1388000000.00 ,780000000.00 ,3013000000.00 ,1301000000.00 ,1165000000.00 ,1605000000.00 ,1120000000.00 ,1167000000.00 ,1258000000.00 ,1103000000.00 ,1167000000.00 ,808000000.00 ,1139000000.00 ,,,,,,,,,,,,,,,,,,
"			Amortization",1113000000.00 ,281000000.00 ,277000000.00 ,277000000.00 ,278000000.00 ,284000000.00 ,284000000.00 ,294000000.00 ,276000000.00 ,95000000.00 ,97000000.00 ,106000000.00 ,110000000.00 ,109000000.00 ,110000000.00 ,114000000.00 ,125000000.00 ,127000000.00 ,130000000.00 ,132000000.00 ,136000000.00 ,136000000.00 ,99000000.00 ,80000000.00 ,73000000.00 ,72000000.00 ,79000000.00 ,93000000.00 ,96000000.00 ,94000000.00 ,92000000.00 ,93000000.00 ,100000000.00 ,88000000.00 ,90000000.00 ,87000000.00 ,83000000.00 ,81000000.00 ,78000000.00 ,72000000.00 ,71000000.00 ,73000000.00 ,73000000.00 ,76000000.00 ,62000000.00 ,56000000.00 ,60000000.00 ,67000000.00 ,72000000.00 ,73000000.00 ,73000000.00 ,,,,,,,,,,,,,,,,,,,,,,,,,,,,,,,,,,,,,,,,,,,,,,,,,,,,,,,,,,,,,,,,,,,,,,,,,,,,,,,,,,,,,,,,,,,,,,
"				AmortizationOfIntangiblesIncomeStatement",1113000000.00 ,281000000.00 ,277000000.00 ,277000000.00 ,278000000.00 ,284000000.00 ,284000000.00 ,294000000.00 ,276000000.00 ,95000000.00 ,97000000.00 ,106000000.00 ,110000000.00 ,109000000.00 ,110000000.00 ,114000000.00 ,125000000.00 ,127000000.00 ,130000000.00 ,132000000.00 ,136000000.00 ,136000000.00 ,99000000.00 ,80000000.00 ,73000000.00 ,72000000.00 ,79000000.00 ,93000000.00 ,96000000.00 ,94000000.00 ,92000000.00 ,93000000.00 ,100000000.00 ,88000000.00 ,90000000.00 ,87000000.00 ,83000000.00 ,81000000.00 ,78000000.00 ,72000000.00 ,71000000.00 ,73000000.00 ,73000000.00 ,76000000.00 ,62000000.00 ,56000000.00 ,60000000.00 ,67000000.00 ,72000000.00 ,73000000.00 ,73000000.00 ,,,,,,,,,,,,,,,,,,,,,,,,,,,,,,,,,,,,,,,,,,,,,,,,,,,,,,,,,,,,,,,,,,,,,,,,,,,,,,,,,,,,,,,,,,,,,,
"	ProvisionForDoubtfulAccounts",,,,,,,,,,,,,,,,,,,,,,,,,,,,,,,,,,,,,16000000.00 ,4000000.00 ,,89000000.00 ,4000000.00 ,7000000.00 ,(13000000.00),,,,6000000.00 ,,,24000000.00 ,97000000.00 ,,,,,,,,,,,,,,,,,,,,,,,,,,,,,,,,,,,,,,,,,,,,,,,,,,,,,,,,,,,,,,,,,,,,,,,,,,,,,,,,,,,,,,,,,,,,,,
"	OtherOperatingExpenses",(788000000.00),(178000000.00),(176000000.00),(295000000.00),(138000000.00),(133000000.00),(60000000.00),(159000000.00),(166000000.00),(222000000.00),(101000000.00),(184000000.00),(275000000.00),(250000000.00),(317000000.00),(348000000.00),(308000000.00),(365000000.00),(445000000.00),(521000000.00),(528000000.00),(365000000.00),(217000000.00),(193000000.00),(188000000.00),(128000000.00),(173000000.00),(199000000.00),(145000000.00),(191000000.00),(207000000.00),(201000000.00),(191000000.00),(247000000.00),(183000000.00),(227000000.00),(303000000.00),(289000000.00),(255000000.00),(253000000.00),(298000000.00),(295000000.00),(262000000.00),(318000000.00),,,,,,,,,,,,,,,,,,,,,,,,,,,,,,,,,,,,,,,,,,,,,,,,,,,,,,,,,,,,,,,,,,,,,,,,,,,,,,,,,,,,,,,,,,,,,,,,,,,,,
OperatingIncome,8059000000.00 ,2147000000.00 ,1546000000.00 ,1960000000.00 ,2403000000.00 ,2073000000.00 ,459000000.00 ,4266000000.00 ,1938000000.00 ,2386000000.00 ,2041000000.00 ,4824000000.00 ,3467000000.00 ,3268000000.00 ,1727000000.00 ,4652000000.00 ,3126000000.00 ,2533000000.00 ,1548000000.00 ,5004000000.00 ,3380000000.00 ,3279000000.00 ,1530000000.00 ,5127000000.00 ,3631000000.00 ,4112000000.00 ,3048000000.00 ,5817000000.00 ,4485000000.00 ,5173000000.00 ,3015000000.00 ,7042000000.00 ,4878000000.00 ,4175000000.00 ,3662000000.00 ,8790000000.00 ,4288000000.00 ,4856000000.00 ,3639000000.00 ,7091000000.00 ,4966000000.00 ,4784000000.00 ,3449000000.00 ,6687000000.00 ,4369000000.00 ,4294000000.00 ,2790000000.00 ,6027000000.00 ,4145000000.00 ,4033000000.00 ,2687000000.00 ,5575000000.00 ,3737000000.00 ,3008000000.00 ,2337000000.00 ,7220000000.00 ,2479000000.00 ,2171000000.00 ,1647000000.00 ,4495000000.00 ,2827000000.00 ,2576000000.00 ,2030000000.00 ,4054000000.00 ,2659000000.00 ,801000000.00 ,1862000000.00 ,4101000000.00 ,2249000000.00 ,2467000000.00 ,2158000000.00 ,3752000000.00 ,2202000000.00 ,2312000000.00 ,1823000000.00 ,2547000000.00 ,2123000000.00 ,784000000.00 ,1183000000.00 ,1315000000.00 ,2389000000.00 ,2994000000.00 ,2597000000.00 ,3880000000.00 ,2814000000.00 ,2807000000.00 ,2133000000.00 ,3022000000.00 ,2680000000.00 ,4085000000.00 ,2140000000.00 ,736000000.00 ,2170000000.00 ,2114000000.00 ,1552000000.00 ,3033000000.00 ,2004000000.00 ,2222000000.00 ,1839000000.00 ,2461000000.00 ,1968000000.00 ,2186000000.00 ,1981000000.00 ,671000000.00 ,2028000000.00 ,2774000000.00 ,2118000000.00 ,2021000000.00 ,1216000000.00 ,1078000000.00 ,691000000.00 ,496000000.00 ,(29000000.00),(8834000000.00),(270000000.00),4890000000.00 ,(4041000000.00),1389000000.00 ,1168000000.00 ,(1011000000.00),589000000.00 ,355000000.00 ,1009000000.00 ,4256000000.00 ,2053000000.00 ,2587000000.00 ,2136000000.00 ,(35355000000.00),14305000000.00 ,15213000000.00 ,12730000000.00 ,(29998000000.00),13960000000.00 ,13599000000.00 ,11749000000.00 ,(28464000000.00),12727000000.00 ,8510000000.00 ,6500000000.00 ,(26446000000.00),11910000000.00 ,12268000000.00 ,10127000000.00 ,(21671000000.00),11698000000.00 
NetNonOperatingInterestIncomeExpense,(1145000000.00),(270000000.00),(266000000.00),(302000000.00),(308000000.00),(300000000.00),(275000000.00),(306000000.00),(369000000.00),(181000000.00),(140000000.00),(116000000.00),(121000000.00),(126000000.00),(94000000.00),(122000000.00),(130000000.00),(113000000.00),(105000000.00),(125000000.00),(136000000.00),(138000000.00),(123000000.00),(108000000.00),(101000000.00),(97000000.00),(89000000.00),(92000000.00),(105000000.00),(114000000.00),(83000000.00),(95000000.00),(84000000.00),(79000000.00),(71000000.00),(83000000.00),(102000000.00),(86000000.00),(79000000.00),(82000000.00),(68000000.00),(67000000.00),(129000000.00),(74000000.00),(72000000.00),(67000000.00),(63000000.00),(40000000.00),(76000000.00),(82000000.00),(111000000.00),(477000000.00),(85000000.00),574000000.00 ,596000000.00 ,(2067000000.00),436000000.00 ,472000000.00 ,548000000.00 ,(71000000.00),(70000000.00),(72000000.00),(66000000.00),,,(67000000.00),(49000000.00),,,,,,,,,,,,,,,,,,,,,,,,,,,,,,,,,,,,,,,,,,,,,,,,,,,,,,,,,,,,,,,,,,,,,,,,,,,,,,
"	InterestIncomeNonOperating",56000000.00 ,11000000.00 ,14000000.00 ,15000000.00 ,15000000.00 ,23000000.00 ,51000000.00 ,48000000.00 ,63000000.00 ,167000000.00 ,70000000.00 ,77000000.00 ,70000000.00 ,47000000.00 ,71000000.00 ,42000000.00 ,38000000.00 ,34000000.00 ,30000000.00 ,32000000.00 ,22000000.00 ,29000000.00 ,24000000.00 ,20000000.00 ,16000000.00 ,18000000.00 ,19000000.00 ,25000000.00 ,21000000.00 ,22000000.00 ,22000000.00 ,18000000.00 ,13000000.00 ,19000000.00 ,23000000.00 ,26000000.00 ,22000000.00 ,31000000.00 ,31000000.00 ,31000000.00 ,39000000.00 ,30000000.00 ,,27000000.00 ,23000000.00 ,23000000.00 ,19000000.00 ,41000000.00 ,8000000.00 ,19000000.00 ,25000000.00 ,,74000000.00 ,719000000.00 ,774000000.00 ,,629000000.00 ,602000000.00 ,621000000.00 ,,,,,,,,,,,,,,,,,,,,,,,,,,,,,,,,,,,,,,,,,,,,,,,,,,,,,,,,,,,,,,,,,,,,,,,,,,,,,,,,,,,,,,
"	InterestExpenseNonOperating",1201000000.00 ,281000000.00 ,280000000.00 ,317000000.00 ,323000000.00 ,323000000.00 ,326000000.00 ,354000000.00 ,432000000.00 ,348000000.00 ,210000000.00 ,193000000.00 ,191000000.00 ,173000000.00 ,165000000.00 ,164000000.00 ,168000000.00 ,147000000.00 ,135000000.00 ,157000000.00 ,158000000.00 ,167000000.00 ,147000000.00 ,128000000.00 ,117000000.00 ,115000000.00 ,108000000.00 ,117000000.00 ,126000000.00 ,136000000.00 ,105000000.00 ,113000000.00 ,97000000.00 ,98000000.00 ,94000000.00 ,109000000.00 ,124000000.00 ,117000000.00 ,110000000.00 ,113000000.00 ,107000000.00 ,97000000.00 ,129000000.00 ,101000000.00 ,95000000.00 ,90000000.00 ,82000000.00 ,81000000.00 ,84000000.00 ,101000000.00 ,136000000.00 ,191000000.00 ,159000000.00 ,145000000.00 ,178000000.00 ,215000000.00 ,193000000.00 ,130000000.00 ,73000000.00 ,71000000.00 ,70000000.00 ,72000000.00 ,66000000.00 ,,,67000000.00 ,49000000.00 ,,,,,,,,,,,,,,,,,,,,,,,,,,,,,,,,,,,,,,,,,,,,,,,,,,,,,,,,,,,,,,,,,,,,,,,,,,,,,,
OtherIncomeExpense,(1339000000.00),(326000000.00),(375000000.00),(370000000.00),(268000000.00),(200000000.00),(234000000.00),30000000.00 ,(46000000.00),562000000.00 ,(19000000.00),(272000000.00),(349000000.00),(367000000.00),(496000000.00),(59000000.00),70000000.00 ,24000000.00 ,(18000000.00),108000000.00 ,18000000.00 ,(92000000.00),(374000000.00),79000000.00 ,90000000.00 ,209000000.00 ,42000000.00 ,1371000000.00 ,(20000000.00),111000000.00 ,49000000.00 ,18000000.00 ,19000000.00 ,48000000.00 ,14000000.00 ,(876000000.00),888000000.00 ,391000000.00 ,276000000.00 ,265000000.00 ,130000000.00 ,168000000.00 ,425000000.00 ,341000000.00 ,380000000.00 ,348000000.00 ,788000000.00 ,394000000.00 ,305000000.00 ,311000000.00 ,546000000.00 ,710000000.00 ,244000000.00 ,232000000.00 ,265000000.00 ,335000000.00 ,365000000.00 ,499000000.00 ,385000000.00 ,391000000.00 ,416000000.00 ,384000000.00 ,475000000.00 ,562000000.00 ,312000000.00 ,1999000000.00 ,197000000.00 ,430000000.00 ,266000000.00 ,368000000.00 ,167000000.00 ,157000000.00 ,380000000.00 ,195000000.00 ,198000000.00 ,213000000.00 ,315000000.00 ,(156000000.00),538000000.00 ,2039000000.00 ,(73000000.00),(34000000.00),(36000000.00),125000000.00 ,173000000.00 ,130000000.00 ,189000000.00 ,,,,,,,,,,162000000.00 ,137000000.00 ,185000000.00 ,,183000000.00 ,193000000.00 ,(285000000.00),,(1632000000.00),238000000.00 ,246000000.00 ,,221000000.00 ,479000000.00 ,408000000.00 ,467000000.00 ,361000000.00 ,158000000.00 ,195000000.00 ,(11474000000.00),90000000.00 ,140000000.00 ,172000000.00 ,178000000.00 ,67000000.00 ,157000000.00 ,200000000.00 ,95000000.00 ,82000000.00 ,123000000.00 ,195000000.00 ,,,,,,,,,,,,,,,,,,
"	GainOnSaleOfSecurity",(161000000.00),(65000000.00),(45000000.00),(49000000.00),(2000000.00),30000000.00 ,30000000.00 ,30000000.00 ,39000000.00 ,118000000.00 ,107000000.00 ,105000000.00 ,21000000.00 ,38000000.00 ,(70000000.00),(37000000.00),(2000000.00),17000000.00 ,(22000000.00),37000000.00 ,(65000000.00),(82000000.00),(58000000.00),59000000.00 ,64000000.00 ,181000000.00 ,88000000.00 ,53000000.00 ,(11000000.00),(18000000.00),(54000000.00),25000000.00 ,34000000.00 ,47000000.00 ,18000000.00 ,1000000.00 ,122000000.00 ,100000000.00 ,17000000.00 ,332000000.00 ,(253000000.00),(156000000.00),159000000.00 ,(41000000.00),11000000.00 ,17000000.00 ,(81000000.00),(84000000.00),(47000000.00),73000000.00 ,(41000000.00),,,,,,,,,,,,,,,,,,,,,,,,,,,,,,,,,,,,,,,,,,,,,,,,,,,,,,,,,,,,,,,,,,,,,,,,,,,,,,,,,,,,,,,,,,,,,,
"	SpecialIncomeCharges",,,,,,,,(38000000.00),(14000000.00),(17000000.00),(20000000.00),(11000000.00),(4000000.00),(40000000.00),(13000000.00),(15000000.00),(7000000.00),(18000000.00),(15000000.00),3000000.00 ,32000000.00 ,(26000000.00),(97000000.00),(47000000.00),(27000000.00),(74000000.00),(83000000.00),(110000000.00),(102000000.00),(67000000.00),(55000000.00),(79000000.00),(30000000.00),(24000000.00),(23000000.00),(1388000000.00),766000000.00 ,291000000.00 ,259000000.00 ,(67000000.00),383000000.00 ,324000000.00 ,266000000.00 ,382000000.00 ,369000000.00 ,331000000.00 ,869000000.00 ,478000000.00 ,352000000.00 ,238000000.00 ,587000000.00 ,710000000.00 ,244000000.00 ,232000000.00 ,265000000.00 ,335000000.00 ,365000000.00 ,499000000.00 ,385000000.00 ,391000000.00 ,416000000.00 ,384000000.00 ,475000000.00 ,562000000.00 ,312000000.00 ,1999000000.00 ,197000000.00 ,430000000.00 ,266000000.00 ,368000000.00 ,167000000.00 ,157000000.00 ,380000000.00 ,195000000.00 ,198000000.00 ,213000000.00 ,315000000.00 ,(156000000.00),538000000.00 ,2039000000.00 ,(73000000.00),(34000000.00),(36000000.00),125000000.00 ,173000000.00 ,130000000.00 ,189000000.00 ,,,,,,,,,,162000000.00 ,137000000.00 ,185000000.00 ,,183000000.00 ,193000000.00 ,(285000000.00),1148000000.00 ,(1632000000.00),238000000.00 ,246000000.00 ,(1108000000.00),221000000.00 ,479000000.00 ,408000000.00 ,467000000.00 ,361000000.00 ,158000000.00 ,195000000.00 ,(11474000000.00),90000000.00 ,140000000.00 ,172000000.00 ,178000000.00 ,67000000.00 ,157000000.00 ,200000000.00 ,95000000.00 ,82000000.00 ,123000000.00 ,195000000.00 ,,,,,,,,,,,,,,,,,,
"		RestructuringAndMergernAcquisition",,,,,,,,,,,,,,,,,,,,,,,,,,,,,,,,,,,,,,,,,,,3000000.00 ,,,,,,,,,,,,,,,,,,,,,,,,,,,,,,,,,,,,,,,,,,,,,,,,,,,,,,,,,,,,,,,,,,,,,,,,,,,,,,,,,,,,,,,,,,,,,,,,,,,,,,
"		WriteOff",,,,,,,,38000000.00 ,14000000.00 ,17000000.00 ,20000000.00 ,11000000.00 ,4000000.00 ,40000000.00 ,13000000.00 ,15000000.00 ,7000000.00 ,18000000.00 ,15000000.00 ,(3000000.00),(32000000.00),26000000.00 ,97000000.00 ,47000000.00 ,27000000.00 ,74000000.00 ,83000000.00 ,110000000.00 ,102000000.00 ,67000000.00 ,55000000.00 ,79000000.00 ,30000000.00 ,24000000.00 ,23000000.00 ,,,,,,,,,,,,,,,,,,,,,,,,,,,,,,,,,,,,,,,,,,,,,,,,,,,,,,,,,,,,,,,,,,,,,,,,,,,,,,,,,,,,,,,,,,,,,,,,,,,,,,,,,,,,,,
"		OtherSpecialCharges",,,,,,,,,,,,,,,,,,,,,,,,,,,,,,,,,,,,,(766000000.00),(291000000.00),(259000000.00),67000000.00 ,(383000000.00),(324000000.00),(269000000.00),(382000000.00),(369000000.00),(331000000.00),(869000000.00),(477000000.00),(350000000.00),(235000000.00),(587000000.00),(710000000.00),(244000000.00),(232000000.00),(265000000.00),(335000000.00),(365000000.00),(499000000.00),(385000000.00),(391000000.00),(416000000.00),(384000000.00),(475000000.00),,,(1999000000.00),(197000000.00),,,,,,,,,,,,,,,,,,,,,,,,,,,,,,,,,,,,,,,,,,,,,,,,,,,,,,,,,,,,,,,,,,,,,,,,,,,,,,
"		GainOnSaleOfPPE",,,,,,,,,,,,,,,,,,,,,,,,,,,,,,,,,,,,,,,,,,,,,,,,1000000.00 ,2000000.00 ,3000000.00 ,0.00 ,,,,,,,,,,,,,,,,,,,,,,,,,,,,,,,,,,,,,,,,,,,,,,,,,,,,,,,,,,,,,,,,,,,,,,,,,,,,,,,,,,,,,,,,,,,,,,
"	OtherNonOperatingIncomeExpenses",(1069000000.00),(261000000.00),(330000000.00),(212000000.00),(266000000.00),(230000000.00),(264000000.00),38000000.00 ,(71000000.00),461000000.00 ,(106000000.00),(366000000.00),(366000000.00),(365000000.00),(413000000.00),(7000000.00),79000000.00 ,25000000.00 ,19000000.00 ,68000000.00 ,51000000.00 ,16000000.00 ,(219000000.00),67000000.00 ,53000000.00 ,102000000.00 ,37000000.00 ,1428000000.00 ,93000000.00 ,196000000.00 ,158000000.00 ,72000000.00 ,15000000.00 ,25000000.00 ,19000000.00 ,47000000.00 ,606000000.00 ,132000000.00 ,58000000.00 ,44000000.00 ,(128000000.00),(97000000.00),202000000.00 ,42000000.00 ,,,,,,,,,,,,,,,,,,,,,,,,,,,,,,,,,,,,,,,,,,,,,,,,,,,,,,,,,,,,,,,,,,,,,,,,,,,,,,,,,,,,,,,,,,,,,,,,,,,,,
PretaxIncome,5572000000.00 ,1552000000.00 ,905000000.00 ,1289000000.00 ,1827000000.00 ,1571000000.00 ,(49000000.00),3993000000.00 ,1522000000.00 ,2768000000.00 ,1883000000.00 ,4434000000.00 ,2996000000.00 ,2776000000.00 ,1136000000.00 ,4469000000.00 ,3065000000.00 ,2443000000.00 ,1424000000.00 ,4985000000.00 ,3263000000.00 ,3049000000.00 ,1034000000.00 ,5099000000.00 ,3621000000.00 ,4224000000.00 ,3001000000.00 ,7095000000.00 ,4361000000.00 ,5171000000.00 ,2980000000.00 ,6962000000.00 ,4812000000.00 ,4144000000.00 ,3606000000.00 ,7831000000.00 ,5074000000.00 ,5161000000.00 ,3836000000.00 ,7274000000.00 ,5027000000.00 ,4885000000.00 ,3817000000.00 ,6955000000.00 ,4677000000.00 ,4575000000.00 ,3515000000.00 ,6381000000.00 ,4373000000.00 ,4262000000.00 ,3122000000.00 ,5808000000.00 ,3895000000.00 ,3814000000.00 ,3198000000.00 ,5488000000.00 ,3280000000.00 ,3142000000.00 ,2579000000.00 ,4814000000.00 ,3174000000.00 ,2889000000.00 ,2440000000.00 ,4568000000.00 ,2915000000.00 ,2733000000.00 ,2010000000.00 ,4364000000.00 ,2531000000.00 ,2843000000.00 ,2290000000.00 ,3878000000.00 ,2549000000.00 ,2466000000.00 ,1981000000.00 ,2712000000.00 ,2404000000.00 ,595000000.00 ,1691000000.00 ,3300000000.00 ,2262000000.00 ,2902000000.00 ,2489000000.00 ,3787000000.00 ,2804000000.00 ,2773000000.00 ,2170000000.00 ,2985000000.00 ,2629000000.00 ,4043000000.00 ,2100000000.00 ,3302000000.00 ,2132000000.00 ,2083000000.00 ,1523000000.00 ,3012000000.00 ,1983000000.00 ,2180000000.00 ,1852000000.00 ,2887000000.00 ,1979000000.00 ,2174000000.00 ,1547000000.00 ,2568000000.00 ,237000000.00 ,2824000000.00 ,2184000000.00 ,2073000000.00 ,1204000000.00 ,1193000000.00 ,685000000.00 ,663000000.00 ,(14000000.00),(8998000000.00),(380000000.00),(6948000000.00),(4286000000.00),1217000000.00 ,991000000.00 ,(1281000000.00),308000000.00 ,207000000.00 ,887000000.00 ,3994000000.00 ,1909000000.00 ,2473000000.00 ,1827000000.00 ,,,,,,,,,,,,,,,,,,
TaxProvision,330000000.00 ,227000000.00 ,(51000000.00),24000000.00 ,128000000.00 ,209000000.00 ,(1226000000.00),324000000.00 ,(151000000.00),269000000.00 ,289000000.00 ,2481000000.00 ,304000000.00 ,373000000.00 ,(540000000.00),5522000000.00 ,339000000.00 ,111000000.00 ,(329000000.00),480000000.00 ,409000000.00 ,544000000.00 ,(983000000.00),638000000.00 ,659000000.00 ,698000000.00 ,585000000.00 ,1579000000.00 ,906000000.00 ,1034000000.00 ,596000000.00 ,778000000.00 ,772000000.00 ,918000000.00 ,574000000.00 ,1998000000.00 ,1251000000.00 ,1280000000.00 ,769000000.00 ,1784000000.00 ,1188000000.00 ,1221000000.00 ,954000000.00 ,1698000000.00 ,1088000000.00 ,1190000000.00 ,914000000.00 ,1568000000.00 ,1159000000.00 ,1159000000.00 ,827000000.00 ,1382000000.00 ,1071000000.00 ,1049000000.00 ,879000000.00 ,1537000000.00 ,918000000.00 ,881000000.00 ,735000000.00 ,1350000000.00 ,952000000.00 ,867000000.00 ,732000000.00 ,1348000000.00 ,1399000000.00 ,882000000.00 ,603000000.00 ,1309000000.00 ,731000000.00 ,853000000.00 ,687000000.00 ,1162000000.00 ,764000000.00 ,741000000.00 ,594000000.00 ,801000000.00 ,710000000.00 ,150000000.00 ,499000000.00 ,967000000.00 ,667000000.00 ,857000000.00 ,739000000.00 ,1117000000.00 ,841000000.00 ,832000000.00 ,651000000.00 ,896000000.00 ,867000000.00 ,1652000000.00 ,630000000.00 ,956000000.00 ,638000000.00 ,631000000.00 ,487000000.00 ,919000000.00 ,624000000.00 ,734000000.00 ,657000000.00 ,864000000.00 ,694000000.00 ,827000000.00 ,773000000.00 ,857000000.00 ,775000000.00 ,1108000000.00 ,895000000.00 ,842000000.00 ,494000000.00 ,504000000.00 ,293000000.00 ,281000000.00 ,34000000.00 ,(962000000.00),(95000000.00),(1485000000.00),(1508000000.00),503000000.00 ,396000000.00 ,101000000.00 ,136000000.00 ,93000000.00 ,355000000.00 ,1533000000.00 ,797000000.00 ,1063000000.00 ,790000000.00 ,,,,,,,,,,,,,,,,,,
NetIncomeCommonStockholders,5334000000.00 ,1325000000.00 ,955000000.00 ,1355000000.00 ,1697000000.00 ,1361000000.00 ,1175000000.00 ,3670000000.00 ,1672000000.00 ,2498000000.00 ,1591000000.00 ,1951000000.00 ,2694000000.00 ,2404000000.00 ,1679000000.00 ,(1054000000.00),2726000000.00 ,2331000000.00 ,1750000000.00 ,4501000000.00 ,2853000000.00 ,2504000000.00 ,2014000000.00 ,4463000000.00 ,2950000000.00 ,3449000000.00 ,2328000000.00 ,5483000000.00 ,18000000.00 ,4137000000.00 ,2384000000.00 ,6184000000.00 ,4041000000.00 ,3226000000.00 ,3032000000.00 ,5833000000.00 ,3824000000.00 ,3881000000.00 ,3066000000.00 ,5490000000.00 ,3839000000.00 ,3664000000.00 ,2863000000.00 ,5257000000.00 ,3589000000.00 ,3386000000.00 ,2601000000.00 ,4813000000.00 ,3214000000.00 ,3103000000.00 ,2295000000.00 ,4427000000.00 ,2824000000.00 ,2765000000.00 ,2319000000.00 ,3952000000.00 ,2361000000.00 ,2260000000.00 ,1844000000.00 ,3540000000.00 ,2222000000.00 ,2022000000.00 ,1708000000.00 ,3187000000.00 ,1516000000.00 ,1829000000.00 ,1402000000.00 ,3040000000.00 ,1800000000.00 ,1988000000.00 ,1602000000.00 ,2709000000.00 ,1785000000.00 ,1705000000.00 ,1384000000.00 ,1018000000.00 ,1313000000.00 ,56000000.00 ,1192000000.00 ,2333000000.00 ,1595000000.00 ,2040000000.00 ,1745000000.00 ,2665000000.00 ,1958000000.00 ,1936000000.00 ,1514000000.00 ,2084000000.00 ,1757000000.00 ,2386000000.00 ,1465000000.00 ,2341000000.00 ,1489000000.00 ,1447000000.00 ,1031000000.00 ,2088000000.00 ,1354000000.00 ,1441000000.00 ,1190000000.00 ,2018000000.00 ,1280000000.00 ,1342000000.00 ,769000000.00 ,1706000000.00 ,(543000000.00),1711000000.00 ,1242000000.00 ,1210000000.00 ,689000000.00 ,668000000.00 ,371000000.00 ,248000000.00 ,(70000000.00),(8041000000.00),(285000000.00),(5463000000.00),(2778000000.00),714000000.00 ,595000000.00 ,(1382000000.00),172000000.00 ,114000000.00 ,532000000.00 ,2461000000.00 ,1112000000.00 ,1410000000.00 ,1037000000.00 ,,,,,,,,,,,,,,,,,,
"	NetIncome",5334000000.00 ,1325000000.00 ,955000000.00 ,1355000000.00 ,1697000000.00 ,1361000000.00 ,1175000000.00 ,3670000000.00 ,1672000000.00 ,2498000000.00 ,1591000000.00 ,1951000000.00 ,2694000000.00 ,2403000000.00 ,1679000000.00 ,(1055000000.00),2726000000.00 ,2331000000.00 ,1750000000.00 ,4501000000.00 ,2853000000.00 ,2505000000.00 ,2013000000.00 ,4462000000.00 ,2950000000.00 ,3449000000.00 ,2327000000.00 ,5483000000.00 ,18000000.00 ,4137000000.00 ,2384000000.00 ,6184000000.00 ,4041000000.00 ,3226000000.00 ,3032000000.00 ,5833000000.00 ,3824000000.00 ,3881000000.00 ,3066000000.00 ,5490000000.00 ,3839000000.00 ,3664000000.00 ,2863000000.00 ,5257000000.00 ,3589000000.00 ,3386000000.00 ,2601000000.00 ,4813000000.00 ,3214000000.00 ,3103000000.00 ,2295000000.00 ,4427000000.00 ,2824000000.00 ,2765000000.00 ,2319000000.00 ,3952000000.00 ,2361000000.00 ,2260000000.00 ,1844000000.00 ,3540000000.00 ,2222000000.00 ,2022000000.00 ,1708000000.00 ,3187000000.00 ,1516000000.00 ,1829000000.00 ,1402000000.00 ,3040000000.00 ,1800000000.00 ,1988000000.00 ,1602000000.00 ,2709000000.00 ,1785000000.00 ,1705000000.00 ,1384000000.00 ,1018000000.00 ,1313000000.00 ,56000000.00 ,1192000000.00 ,2333000000.00 ,1595000000.00 ,2045000000.00 ,1750000000.00 ,2670000000.00 ,1963000000.00 ,1941000000.00 ,1519000000.00 ,2089000000.00 ,1762000000.00 ,2391000000.00 ,1470000000.00 ,2346000000.00 ,1494000000.00 ,1452000000.00 ,1036000000.00 ,2093000000.00 ,1359000000.00 ,1446000000.00 ,1195000000.00 ,2023000000.00 ,1285000000.00 ,1347000000.00 ,774000000.00 ,1711000000.00 ,(538000000.00),1716000000.00 ,1289000000.00 ,1231000000.00 ,710000000.00 ,689000000.00 ,392000000.00 ,268000000.00 ,(48000000.00),(8036000000.00),(285000000.00),(5463000000.00),(2778000000.00),714000000.00 ,595000000.00 ,(1382000000.00),172000000.00 ,114000000.00 ,532000000.00 ,2461000000.00 ,1112000000.00 ,1410000000.00 ,1037000000.00 ,,,,,,,,,,,,,,,,,,
"		NetIncomeIncludingNoncontrollingInterests",5334000000.00 ,1325000000.00 ,955000000.00 ,1355000000.00 ,1697000000.00 ,1361000000.00 ,1175000000.00 ,3670000000.00 ,1672000000.00 ,2498000000.00 ,1591000000.00 ,1951000000.00 ,2694000000.00 ,2403000000.00 ,1679000000.00 ,(1055000000.00),2726000000.00 ,2331000000.00 ,1750000000.00 ,4501000000.00 ,2853000000.00 ,2505000000.00 ,2013000000.00 ,4462000000.00 ,2950000000.00 ,3449000000.00 ,2327000000.00 ,5483000000.00 ,18000000.00 ,4137000000.00 ,2384000000.00 ,6184000000.00 ,4041000000.00 ,3226000000.00 ,3032000000.00 ,5833000000.00 ,3824000000.00 ,3881000000.00 ,3066000000.00 ,5490000000.00 ,3839000000.00 ,3664000000.00 ,2863000000.00 ,5257000000.00 ,3589000000.00 ,3386000000.00 ,2601000000.00 ,4813000000.00 ,3214000000.00 ,3103000000.00 ,2295000000.00 ,4427000000.00 ,2824000000.00 ,2765000000.00 ,2319000000.00 ,3952000000.00 ,2361000000.00 ,2260000000.00 ,1844000000.00 ,3540000000.00 ,2222000000.00 ,2022000000.00 ,1708000000.00 ,3187000000.00 ,1516000000.00 ,1829000000.00 ,1402000000.00 ,3040000000.00 ,1800000000.00 ,1988000000.00 ,1602000000.00 ,2709000000.00 ,1785000000.00 ,1705000000.00 ,1384000000.00 ,1018000000.00 ,1313000000.00 ,56000000.00 ,1192000000.00 ,2333000000.00 ,1595000000.00 ,2045000000.00 ,1750000000.00 ,2670000000.00 ,1963000000.00 ,1941000000.00 ,1519000000.00 ,2089000000.00 ,1762000000.00 ,2391000000.00 ,1470000000.00 ,2346000000.00 ,1494000000.00 ,1452000000.00 ,1036000000.00 ,2093000000.00 ,1359000000.00 ,1446000000.00 ,1195000000.00 ,2023000000.00 ,1285000000.00 ,1347000000.00 ,774000000.00 ,1711000000.00 ,(538000000.00),1716000000.00 ,1289000000.00 ,1231000000.00 ,710000000.00 ,689000000.00 ,392000000.00 ,268000000.00 ,(48000000.00),(8036000000.00),(285000000.00),(5463000000.00),(2778000000.00),714000000.00 ,595000000.00 ,(1382000000.00),172000000.00 ,114000000.00 ,532000000.00 ,2461000000.00 ,1112000000.00 ,1410000000.00 ,1037000000.00 ,591000000.00 ,877000000.00 ,1340000000.00 ,950000000.00 ,2347000000.00 ,1247000000.00 ,964000000.00 ,913000000.00 ,2087000000.00 ,1208000000.00 ,1178000000.00 ,785000000.00 ,1390000000.00 ,1077000000.00 ,1305000000.00 ,1017000000.00 ,2681000000.00 ,1474000000.00 
"			NetIncomeContinuousOperations",5244000000.00 ,1325000000.00 ,956000000.00 ,1264000000.00 ,1698000000.00 ,1362000000.00 ,1176000000.00 ,3669000000.00 ,1673000000.00 ,2499000000.00 ,1593000000.00 ,1953000000.00 ,2692000000.00 ,2402000000.00 ,1675000000.00 ,(1053000000.00),2726000000.00 ,2332000000.00 ,1753000000.00 ,4506000000.00 ,2854000000.00 ,2505000000.00 ,2016000000.00 ,4460000000.00 ,2962000000.00 ,3526000000.00 ,2415000000.00 ,5514000000.00 ,3455000000.00 ,4137000000.00 ,2384000000.00 ,6184000000.00 ,4041000000.00 ,3226000000.00 ,3032000000.00 ,5833000000.00 ,3823000000.00 ,3881000000.00 ,3067000000.00 ,5490000000.00 ,3839000000.00 ,3664000000.00 ,2863000000.00 ,5257000000.00 ,3589000000.00 ,3385000000.00 ,2601000000.00 ,4813000000.00 ,3214000000.00 ,3103000000.00 ,2295000000.00 ,4427000000.00 ,2824000000.00 ,2765000000.00 ,2319000000.00 ,3951000000.00 ,2362000000.00 ,2261000000.00 ,1844000000.00 ,3464000000.00 ,2222000000.00 ,2022000000.00 ,1708000000.00 ,3220000000.00 ,1516000000.00 ,1851000000.00 ,1407000000.00 ,3055000000.00 ,1800000000.00 ,1990000000.00 ,1603000000.00 ,2716000000.00 ,1785000000.00 ,1725000000.00 ,1387000000.00 ,1911000000.00 ,1694000000.00 ,445000000.00 ,1192000000.00 ,2333000000.00 ,1595000000.00 ,2045000000.00 ,1750000000.00 ,2670000000.00 ,1963000000.00 ,1941000000.00 ,1519000000.00 ,2089000000.00 ,1762000000.00 ,2391000000.00 ,1470000000.00 ,2346000000.00 ,1494000000.00 ,1452000000.00 ,1036000000.00 ,2093000000.00 ,1359000000.00 ,1446000000.00 ,1195000000.00 ,2023000000.00 ,1285000000.00 ,1347000000.00 ,774000000.00 ,1711000000.00 ,(538000000.00),1716000000.00 ,1289000000.00 ,1231000000.00 ,710000000.00 ,689000000.00 ,392000000.00 ,382000000.00 ,(48000000.00),(8036000000.00),(285000000.00),(5463000000.00),(2778000000.00),714000000.00 ,595000000.00 ,(1382000000.00),172000000.00 ,114000000.00 ,532000000.00 ,2461000000.00 ,1112000000.00 ,1410000000.00 ,1037000000.00 ,591000000.00 ,877000000.00 ,1340000000.00 ,950000000.00 ,2347000000.00 ,1247000000.00 ,964000000.00 ,913000000.00 ,2087000000.00 ,1208000000.00 ,1178000000.00 ,785000000.00 ,1390000000.00 ,1077000000.00 ,1305000000.00 ,1017000000.00 ,2681000000.00 ,1474000000.00 
"			NetIncomeDiscontinuousOperations",90000000.00 ,0.00 ,(1000000.00),91000000.00 ,(1000000.00),(1000000.00),(1000000.00),1000000.00 ,(1000000.00),(1000000.00),(2000000.00),(2000000.00),2000000.00 ,1000000.00 ,4000000.00 ,(2000000.00),0.00 ,(1000000.00),(3000000.00),(5000000.00),(1000000.00),0.00 ,(3000000.00),2000000.00 ,(12000000.00),(77000000.00),(88000000.00),(31000000.00),(3437000000.00),,,,,,,,,,,,,,,,,,,,,,,0.00 ,0.00 ,0.00 ,,1000000.00 ,(1000000.00),(1000000.00),,76000000.00 ,0.00 ,0.00 ,0.00 ,3000000.00 ,,(22000000.00),(5000000.00),(15000000.00),,(2000000.00),(1000000.00),(7000000.00),,(20000000.00),(3000000.00),(893000000.00),(381000000.00),(389000000.00),,,,,,,,,,,,,,,,,,,,,,,,,,,,,,,,,,,,,,,,,,,,,,,,,,,,,,,,,,,,,,,,,,,
"			NetIncomeExtraordinary",,,,,,,,,,,,,,,,,,,,,,,,,,,,,,,,,,,,,,,,,,,,,,,,,,,,,,,,,,,,,,,,,,,,,,,,,,,,,,,,,,,,,,,,,,,,,,,,,,,,,,,,,,,,,,,,,,,,0.00 ,,,,,,,,,,,,,,,,,,,,,,,,,,,,,
"			NetIncomeFromTaxLossCarryforward",,,,,,,,,,,,,,,,,,,,,,,,,,,,,,,,,,,,,1000000.00 ,,(1000000.00),,,,,,,1000000.00 ,,,,,,,,,,,,,,,,,,,,,,,,,,,,,,,,,,,,,,,,,,,,,,,,,,,,,,,,,,,,,,,,,,,,,,,,,,,,,,,,,,,,,,,,,,,,,,,,,,,
"	PreferredStockDividends",,,,,,,,,,,,,,,,,,,,,,,,,,,,,,,,,,,,,,,,,,,,,,,,,,,,,,,,,,,,,,,,,,,,,,,,,,,,,,,,0.00 ,,5000000.00 ,5000000.00 ,5000000.00 ,5000000.00 ,5000000.00 ,5000000.00 ,5000000.00 ,5000000.00 ,5000000.00 ,5000000.00 ,5000000.00 ,5000000.00 ,5000000.00 ,5000000.00 ,5000000.00 ,5000000.00 ,5000000.00 ,5000000.00 ,5000000.00 ,5000000.00 ,5000000.00 ,5000000.00 ,5000000.00 ,5000000.00 ,5000000.00 ,47000000.00 ,21000000.00 ,21000000.00 ,21000000.00 ,21000000.00 ,20000000.00 ,22000000.00 ,5000000.00 ,,,,,,,,,,,,,,,,,,,,,,,,,,,,,,,
AverageDilutionEarnings,,,0.00 ,0.00 ,0.00 ,0.00 ,(2000000.00),(1000000.00),0.00 ,1000000.00 ,,,,(1000000.00),,(1000000.00),0.00 ,,,,,,,,,,,,,,,,,,,,,,,,,,,,,,,,,,,,,,,,,,,,,,,,,,,,,,,,,,,,,,,,,,,,,,,,,,,,,,,,,,,,,,,,,,,,,,,,,,,,,,,,,,,,,,,,,,,,,,,,,,,,,,,,
DilutedNIAvailtoComStockholders,5332000000.00 ,1325000000.00 ,955000000.00 ,1355000000.00 ,1697000000.00 ,1361000000.00 ,1173000000.00 ,3669000000.00 ,1672000000.00 ,2499000000.00 ,1591000000.00 ,1945000000.00 ,2694000000.00 ,2403000000.00 ,1679000000.00 ,(1054000000.00),2726000000.00 ,2331000000.00 ,1750000000.00 ,4501000000.00 ,2853000000.00 ,2504000000.00 ,2014000000.00 ,4462000000.00 ,2950000000.00 ,3449000000.00 ,2328000000.00 ,5481000000.00 ,18000000.00 ,4137000000.00 ,2384000000.00 ,6184000000.00 ,4041000000.00 ,3226000000.00 ,3032000000.00 ,5833000000.00 ,3824000000.00 ,3881000000.00 ,3066000000.00 ,5490000000.00 ,3839000000.00 ,3664000000.00 ,2863000000.00 ,5257000000.00 ,3589000000.00 ,3386000000.00 ,2601000000.00 ,4813000000.00 ,3214000000.00 ,3103000000.00 ,2295000000.00 ,4427000000.00 ,2824000000.00 ,2765000000.00 ,2319000000.00 ,3952000000.00 ,2361000000.00 ,2260000000.00 ,1844000000.00 ,3540000000.00 ,2222000000.00 ,2022000000.00 ,1708000000.00 ,3187000000.00 ,1516000000.00 ,1829000000.00 ,1402000000.00 ,3040000000.00 ,1800000000.00 ,1988000000.00 ,1602000000.00 ,2709000000.00 ,1785000000.00 ,1705000000.00 ,1384000000.00 ,1018000000.00 ,1313000000.00 ,56000000.00 ,1192000000.00 ,2333000000.00 ,1595000000.00 ,2040000000.00 ,1745000000.00 ,2665000000.00 ,1958000000.00 ,1936000000.00 ,1514000000.00 ,2084000000.00 ,1757000000.00 ,2386000000.00 ,1465000000.00 ,2341000000.00 ,1489000000.00 ,1447000000.00 ,1031000000.00 ,2088000000.00 ,1354000000.00 ,1441000000.00 ,1190000000.00 ,2018000000.00 ,1280000000.00 ,1342000000.00 ,769000000.00 ,1706000000.00 ,(543000000.00),1711000000.00 ,1242000000.00 ,1210000000.00 ,689000000.00 ,668000000.00 ,371000000.00 ,248000000.00 ,(70000000.00),(8041000000.00),(285000000.00),(5463000000.00),(2778000000.00),714000000.00 ,595000000.00 ,(1382000000.00),172000000.00 ,114000000.00 ,532000000.00 ,2461000000.00 ,1112000000.00 ,1410000000.00 ,1037000000.00 ,,,,,,,,,,,,,,,,,,
BasicEPS,,1.48 ,1.07 ,1.52 ,1.90 ,1.53 ,1.32 ,4.14 ,1.89 ,2.82 ,1.79 ,2.17 ,2.95 ,2.63 ,1.82 ,(1.14),2.93 ,2.49 ,1.86 ,4.74 ,2.99 ,2.62 ,2.09 ,4.60 ,3.03 ,3.51 ,2.36 ,5.54 ,0.02 ,4.14 ,2.30 ,5.77 ,3.70 ,2.93 ,2.72 ,5.19 ,3.36 ,3.38 ,2.65 ,4.68 ,3.23 ,3.04 ,2.34 ,4.24 ,2.86 ,2.65 ,2.00 ,3.65 ,2.44 ,2.34 ,1.71 ,,2.09 ,2.02 ,1.68 ,,1.72 ,1.57 ,1.23 ,,1.47 ,1.31 ,1.09 ,,0.95 ,1.14 ,0.86 ,,1.08 ,1.18 ,0.95 ,,1.04 ,0.99 ,0.80 ,,0.78 ,0.03 ,0.69 ,,0.92 ,1.17 ,1.00 ,,1.11 ,1.10 ,0.85 ,,0.97 ,1.32 ,0.80 ,,0.80 ,0.77 ,0.54 ,,0.69 ,0.73 ,0.59 ,,0.62 ,0.63 ,0.36 ,,(0.23),0.75 ,0.53 ,,0.30 ,0.29 ,0.16 ,,(0.03),(3.53),(0.13),,(1.22),0.32 ,0.26 ,,0.08 ,0.05 ,0.24 ,,0.49 ,0.62 ,0.46 ,,0.38 ,0.58 ,0.41 ,,0.53 ,0.41 ,0.39 ,,0.50 ,0.49 ,0.33 ,,0.44 ,0.53 ,0.42 ,,0.60 
DilutedEPS,,1.47 ,1.06 ,1.51 ,1.89 ,1.52 ,1.31 ,4.11 ,1.87 ,2.81 ,1.78 ,2.15 ,2.94 ,2.61 ,1.81 ,(1.14),2.92 ,2.48 ,1.85 ,4.72 ,2.98 ,2.61 ,2.09 ,4.59 ,3.01 ,3.50 ,2.35 ,5.51 ,0.02 ,4.12 ,2.29 ,5.73 ,3.68 ,2.91 ,2.70 ,5.13 ,3.33 ,3.34 ,2.61 ,4.62 ,3.19 ,3.00 ,2.31 ,4.18 ,2.82 ,2.61 ,1.97 ,3.59 ,2.40 ,2.32 ,1.70 ,,2.05 ,1.98 ,1.65 ,,1.68 ,1.55 ,1.21 ,,1.45 ,1.30 ,1.08 ,,0.94 ,1.12 ,0.84 ,,1.06 ,1.16 ,0.93 ,,1.02 ,0.97 ,0.79 ,,0.76 ,0.03 ,0.68 ,,0.90 ,1.15 ,0.98 ,,1.08 ,1.06 ,0.83 ,,0.93 ,1.28 ,0.78 ,,0.78 ,0.75 ,0.53 ,,0.68 ,0.72 ,0.58 ,,0.60 ,0.62 ,0.35 ,,(0.23),0.73 ,0.52 ,,0.30 ,0.29 ,0.16 ,,(0.03),(3.53),(0.13),,(1.22),0.32 ,0.26 ,,0.08 ,0.05 ,0.24 ,,0.49 ,0.62 ,0.46 ,,0.38 ,0.58 ,0.41 ,,0.53 ,0.41 ,0.39 ,,0.50 ,0.49 ,0.33 ,,0.44 ,0.53 ,0.42 ,,0.60 
BasicAverageShares,,895000000.00 ,893600000.00 ,892600000.00 ,891400000.00 ,889400000.00 ,888000000.00 ,887100000.00 ,886000000.00 ,886300000.00 ,889600000.00 ,901300000.00 ,911200000.00 ,915100000.00 ,920700000.00 ,924500000.00 ,929400000.00 ,934900000.00 ,942400000.00 ,948600000.00 ,954000000.00 ,957400000.00 ,961700000.00 ,969400000.00 ,975100000.00 ,982300000.00 ,988100000.00 ,990400000.00 ,991800000.00 ,999600000.00 ,1035200000.00 ,1072500000.00 ,1090900000.00 ,1100900000.00 ,1113700000.00 ,1124700000.00 ,1137200000.00 ,1149000000.00 ,1159100000.00 ,1172200000.00 ,1188600000.00 ,1204800000.00 ,1222200000.00 ,1240100000.00 ,1255200000.00 ,1278600000.00 ,1301200000.00 ,1318400000.00 ,1319900000.00 ,1326100000.00 ,1344300000.00 ,,1350700000.00 ,1366300000.00 ,1383000000.00 ,,1371400000.00 ,1437200000.00 ,1499500000.00 ,,1513200000.00 ,1538100000.00 ,1564500000.00 ,,1591300000.00 ,1603900000.00 ,1628700000.00 ,,1669600000.00 ,1679600000.00 ,1691700000.00 ,,1722600000.00 ,1729800000.00 ,1725300000.00 ,,1690500000.00 ,1705000000.00 ,1718400000.00 ,,1731800000.00 ,1738200000.00 ,1740900000.00 ,,1758100000.00 ,1767600000.00 ,1777200000.00 ,,1805200000.00 ,1812100000.00 ,1823800000.00 ,,1856800000.00 ,1879200000.00 ,1900400000.00 ,,1956000000.00 ,1973800000.00 ,2006800000.00 ,,2087200000.00 ,2135600000.00 ,2177200000.00 ,,2258400000.00 ,2301600000.00 ,2340800000.00 ,,2345200000.00 ,2336000000.00 ,2328400000.00 ,,2333333333.00 ,2277903683.00 ,2192307692.00 ,,2277049180.00 ,2231250000.00 ,2288461538.00 ,,2150000000.00 ,2280000000.00 ,2216666667.00 ,,2269387755.00 ,2274193548.00 ,2254347826.00 ,,2315104000.00 ,2340768000.00 ,2368508000.00 ,,2367760000.00 ,2372552000.00 ,2388208000.00 ,,2423692000.00 ,2423692000.00 ,2423692000.00 ,,2462400000.00 ,2462400000.00 ,2461672000.00 ,,2454832000.00 
DilutedAverageShares,,904200000.00 ,901700000.00 ,899000000.00 ,897300000.00 ,894900000.00 ,895000000.00 ,893700000.00 ,892800000.00 ,890800000.00 ,893900000.00 ,905200000.00 ,915200000.00 ,919400000.00 ,925400000.00 ,928900000.00 ,933200000.00 ,939600000.00 ,947800000.00 ,952700000.00 ,957300000.00 ,960500000.00 ,964400000.00 ,972800000.00 ,979000000.00 ,986700000.00 ,992300000.00 ,995400000.00 ,997700000.00 ,1005100000.00 ,1041800000.00 ,1080000000.00 ,1098800000.00 ,1109400000.00 ,1124000000.00 ,1136400000.00 ,1149300000.00 ,1161900000.00 ,1174200000.00 ,1188700000.00 ,1204900000.00 ,1221400000.00 ,1240000000.00 ,1258400000.00 ,1272800000.00 ,1296700000.00 ,1321600000.00 ,1340700000.00 ,1338200000.00 ,1336900000.00 ,1349500000.00 ,,1379100000.00 ,1395800000.00 ,1404300000.00 ,,1405800000.00 ,1460800000.00 ,1522800000.00 ,,1534300000.00 ,1560100000.00 ,1587200000.00 ,,1617200000.00 ,1627900000.00 ,1660600000.00 ,,1700400000.00 ,1713400000.00 ,1730100000.00 ,,1756400000.00 ,1763700000.00 ,1758500000.00 ,,1711700000.00 ,1730400000.00 ,1753000000.00 ,,1767900000.00 ,1777700000.00 ,1781200000.00 ,,1809800000.00 ,1818000000.00 ,1830000000.00 ,,1869600000.00 ,1870600000.00 ,1882900000.00 ,,1909000000.00 ,1928600000.00 ,1946600000.00 ,,1956000000.00 ,1973800000.00 ,2006800000.00 ,,2087200000.00 ,2135600000.00 ,2177200000.00 ,,2258400000.00 ,2301600000.00 ,2340800000.00 ,,2345200000.00 ,2336000000.00 ,2328400000.00 ,,2333333333.00 ,2277903683.00 ,2192307692.00 ,,2277049180.00 ,2231250000.00 ,2288461538.00 ,,2150000000.00 ,2280000000.00 ,2216666667.00 ,,2269387755.00 ,2274193548.00 ,2254347826.00 ,,2315104000.00 ,2340768000.00 ,2368508000.00 ,,2367760000.00 ,2372552000.00 ,2388208000.00 ,,2423692000.00 ,2423692000.00 ,2423692000.00 ,,2462400000.00 ,2462400000.00 ,2461672000.00 ,,2454832000.00 
TotalExpenses,66343000000.00 ,16598000000.00 ,16183000000.00 ,18407000000.00 ,15157000000.00 ,16050000000.00 ,17112000000.00 ,17511000000.00 ,16090000000.00 ,16775000000.00 ,16141000000.00 ,16936000000.00 ,15289000000.00 ,16735000000.00 ,17345000000.00 ,17891000000.00 ,16027000000.00 ,16756000000.00 ,16607000000.00 ,16766000000.00 ,15846000000.00 ,16959000000.00 ,17155000000.00 ,16931000000.00 ,15649000000.00 ,16701000000.00 ,16542000000.00 ,18296000000.00 ,17912000000.00 ,19191000000.00 ,19469000000.00 ,20657000000.00 ,18843000000.00 ,20749000000.00 ,19746000000.00 ,20514000000.00 ,20459000000.00 ,20927000000.00 ,21034000000.00 ,22395000000.00 ,21191000000.00 ,21882000000.00 ,21158000000.00 ,22331000000.00 ,19902000000.00 ,19430000000.00 ,20066000000.00 ,21203000000.00 ,19421000000.00 ,19217000000.00 ,19024000000.00 ,21432000000.00 ,21565000000.00 ,23170000000.00 ,21525000000.00 ,23498000000.00 ,21011000000.00 ,20999000000.00 ,19761000000.00 ,21763000000.00 ,19790000000.00 ,19314000000.00 ,18629000000.00 ,20373000000.00 ,18870000000.00 ,21469000000.00 ,21046000000.00 ,23360000000.00 ,21180000000.00 ,20686000000.00 ,20092000000.00 ,22161000000.00 ,19320000000.00 ,19319000000.00 ,18242000000.00 ,21137000000.00 ,17698000000.00 ,18867000000.00 ,17368000000.00 ,21511000000.00 ,18039000000.00 ,18574000000.00 ,18447000000.00 ,21736000000.00 ,18967000000.00 ,18844000000.00 ,17215000000.00 ,21160000000.00 ,18464000000.00 ,17820000000.00 ,18177000000.00 ,21803000000.00 ,17925000000.00 ,16709000000.00 ,16066000000.00 ,20690000000.00 ,16601000000.00 ,16650000000.00 ,15469000000.00 ,19058000000.00 ,16094000000.00 ,15997000000.00 ,14578000000.00 ,21249000000.00 ,14726000000.00 ,14757000000.00 ,13617000000.00 ,17875000000.00 ,14215000000.00 ,14273000000.00 ,12682000000.00 ,18900000000.00 ,14772000000.00 ,24353000000.00 ,13328000000.00 ,14670000000.00 ,18743000000.00 ,14835000000.00 ,12869000000.00 ,23093000000.00 ,13844000000.00 ,14377000000.00 ,12536000000.00 ,18805000000.00 ,13224000000.00 ,13908000000.00 ,12049000000.00 ,,,,,,,,,,,,,,,,,,
NetIncomeFromContinuingAndDiscontinuedOperation,5334000000.00 ,1325000000.00 ,955000000.00 ,1355000000.00 ,1697000000.00 ,1361000000.00 ,1175000000.00 ,3670000000.00 ,1672000000.00 ,2498000000.00 ,1591000000.00 ,1951000000.00 ,2694000000.00 ,2403000000.00 ,1679000000.00 ,(1055000000.00),2726000000.00 ,2331000000.00 ,1750000000.00 ,4501000000.00 ,2853000000.00 ,2505000000.00 ,2013000000.00 ,4462000000.00 ,2950000000.00 ,3449000000.00 ,2327000000.00 ,5483000000.00 ,18000000.00 ,4137000000.00 ,2384000000.00 ,6184000000.00 ,4041000000.00 ,3226000000.00 ,3032000000.00 ,5833000000.00 ,3823000000.00 ,3881000000.00 ,3067000000.00 ,5490000000.00 ,3839000000.00 ,3664000000.00 ,2863000000.00 ,5257000000.00 ,3589000000.00 ,3385000000.00 ,2601000000.00 ,4813000000.00 ,3214000000.00 ,3103000000.00 ,2295000000.00 ,4427000000.00 ,2824000000.00 ,2765000000.00 ,2319000000.00 ,3952000000.00 ,2361000000.00 ,2260000000.00 ,1844000000.00 ,3540000000.00 ,2222000000.00 ,2022000000.00 ,1708000000.00 ,3223000000.00 ,1516000000.00 ,1829000000.00 ,1402000000.00 ,3040000000.00 ,1800000000.00 ,1988000000.00 ,1602000000.00 ,2709000000.00 ,1785000000.00 ,1705000000.00 ,1384000000.00 ,1018000000.00 ,1313000000.00 ,56000000.00 ,1192000000.00 ,2333000000.00 ,1595000000.00 ,2045000000.00 ,1750000000.00 ,2670000000.00 ,1963000000.00 ,1941000000.00 ,1519000000.00 ,2089000000.00 ,1762000000.00 ,2391000000.00 ,1470000000.00 ,2346000000.00 ,1494000000.00 ,1452000000.00 ,1036000000.00 ,2093000000.00 ,1359000000.00 ,1446000000.00 ,1195000000.00 ,2023000000.00 ,1285000000.00 ,1347000000.00 ,774000000.00 ,1711000000.00 ,(538000000.00),1716000000.00 ,1289000000.00 ,1231000000.00 ,710000000.00 ,689000000.00 ,392000000.00 ,382000000.00 ,(48000000.00),(8036000000.00),(285000000.00),(5463000000.00),(2778000000.00),714000000.00 ,595000000.00 ,(1382000000.00),172000000.00 ,114000000.00 ,532000000.00 ,2461000000.00 ,1112000000.00 ,1410000000.00 ,1037000000.00 ,,,,,,,,,,,,,,,,,,
NormalizedIncome,5498009332.38 ,1380445000.00 ,983000000.00 ,1419058184.64 ,1699860000.00 ,1335990000.00 ,1154100000.00 ,3676350864.01 ,1654750000.00 ,2407797000.00 ,1519398000.00 ,1884380000.00 ,2676734000.00 ,2403730000.00 ,1735590000.00 ,(1021800000.00),2734010000.00 ,2332955000.00 ,1775200000.00 ,4469851554.66 ,2882875000.00 ,2593776000.00 ,2109000000.00 ,4449501470.88 ,2931734000.00 ,3436655000.00 ,2410975000.00 ,5558314587.74 ,3544496000.00 ,4205000000.00 ,2471200000.00 ,6231965527.15 ,4037640000.00 ,3208083000.00 ,3036205000.00 ,6866121057.34 ,3153937327.55 ,3586973454.76 ,2846329509.91 ,5289993126.20 ,3739722100.66 ,3537991402.25 ,2544222164.00 ,4999252048.89 ,3297398546.08 ,3127518032.79 ,2017902418.21 ,4515817426.74 ,2989835810.66 ,2876572735.81 ,1893632287.00 ,3885942837.47 ,2647092169.45 ,2596809124.28 ,2126837711.07 ,3709821975.22 ,2099155487.81 ,1901916931.89 ,1568722760.76 ,3182648940.59 ,1930773787.02 ,1753239875.39 ,1375500000.00 ,2823844133.10 ,1328800000.00 ,497121844.13 ,1269100000.00 ,2753980293.31 ,1610825760.57 ,1732412944.07 ,1486100000.00 ,2606043321.30 ,1518895645.35 ,1588594890.51 ,1248370015.14 ,1760910398.23 ,1472032445.92 ,561672268.91 ,812759314.02 ,891488787.88 ,1646474358.97 ,2068959338.39 ,1775311370.03 ,2581869553.74 ,1841887660.49 ,1850004688.06 ,1386700000.00 ,2089000000.00 ,1762000000.00 ,2391000000.00 ,1470000000.00 ,2346000000.00 ,1494000000.00 ,1452000000.00 ,1036000000.00 ,2093000000.00 ,1247977307.11 ,1355127522.94 ,1075629049.68 ,2023000000.00 ,1166174835.78 ,1227418123.28 ,945000000.00 ,946113707.17 ,441200000.00 ,1571379603.40 ,1141400000.00 ,1895800000.00 ,577400000.00 ,401600000.00 ,147200000.00 ,101800000.00 ,(264600000.00),(8177107801.73),(431250000.00),3558655440.42 ,(2836334111.06),630000000.00 ,491730575.18 ,(1488800000.00),131800000.00 ,19800000.00 ,412000000.00 ,2402463445.17 ,1062800000.00 ,1336200000.00 ,920000000.00 ,,,,,,,,,,,,,,,,,,
InterestIncome,56000000.00 ,11000000.00 ,14000000.00 ,15000000.00 ,15000000.00 ,23000000.00 ,51000000.00 ,48000000.00 ,63000000.00 ,167000000.00 ,70000000.00 ,77000000.00 ,70000000.00 ,47000000.00 ,71000000.00 ,42000000.00 ,38000000.00 ,34000000.00 ,30000000.00 ,32000000.00 ,22000000.00 ,29000000.00 ,24000000.00 ,20000000.00 ,16000000.00 ,18000000.00 ,19000000.00 ,25000000.00 ,21000000.00 ,22000000.00 ,22000000.00 ,18000000.00 ,13000000.00 ,19000000.00 ,23000000.00 ,26000000.00 ,22000000.00 ,31000000.00 ,31000000.00 ,31000000.00 ,39000000.00 ,30000000.00 ,,27000000.00 ,23000000.00 ,23000000.00 ,19000000.00 ,41000000.00 ,8000000.00 ,19000000.00 ,25000000.00 ,,74000000.00 ,719000000.00 ,774000000.00 ,,629000000.00 ,602000000.00 ,621000000.00 ,,,,,,,,,,,,,,,,,,,,,,,,,,,,,,,,,,,,,,,,,,,,,,,,,,,,,,,,,,,,,,,,,,,,,,,,,,,,,,,,,,,,,,
InterestExpense,1201000000.00 ,281000000.00 ,280000000.00 ,317000000.00 ,323000000.00 ,323000000.00 ,326000000.00 ,354000000.00 ,432000000.00 ,348000000.00 ,210000000.00 ,193000000.00 ,191000000.00 ,173000000.00 ,165000000.00 ,164000000.00 ,168000000.00 ,147000000.00 ,135000000.00 ,157000000.00 ,158000000.00 ,167000000.00 ,147000000.00 ,128000000.00 ,117000000.00 ,115000000.00 ,108000000.00 ,117000000.00 ,126000000.00 ,136000000.00 ,105000000.00 ,113000000.00 ,97000000.00 ,98000000.00 ,94000000.00 ,109000000.00 ,124000000.00 ,117000000.00 ,110000000.00 ,113000000.00 ,107000000.00 ,97000000.00 ,129000000.00 ,101000000.00 ,95000000.00 ,90000000.00 ,82000000.00 ,81000000.00 ,84000000.00 ,101000000.00 ,136000000.00 ,191000000.00 ,159000000.00 ,145000000.00 ,178000000.00 ,215000000.00 ,193000000.00 ,130000000.00 ,73000000.00 ,71000000.00 ,70000000.00 ,72000000.00 ,66000000.00 ,,,67000000.00 ,49000000.00 ,,,,,,,,,,,,,,,,,,,,,,,,,,,,,,,,,,,,,,,,,,,,,,,,,,,,,,,,,,,,,,,,,,,,,,,,,,,,,,
NetInterestIncome,(1145000000.00),(270000000.00),(266000000.00),(302000000.00),(308000000.00),(300000000.00),(275000000.00),(306000000.00),(369000000.00),(181000000.00),(140000000.00),(116000000.00),(121000000.00),(126000000.00),(94000000.00),(122000000.00),(130000000.00),(113000000.00),(105000000.00),(125000000.00),(136000000.00),(138000000.00),(123000000.00),(108000000.00),(101000000.00),(97000000.00),(89000000.00),(92000000.00),(105000000.00),(114000000.00),(83000000.00),(95000000.00),(84000000.00),(79000000.00),(71000000.00),(83000000.00),(102000000.00),(86000000.00),(79000000.00),(82000000.00),(68000000.00),(67000000.00),(129000000.00),(74000000.00),(72000000.00),(67000000.00),(63000000.00),(40000000.00),(76000000.00),(82000000.00),(111000000.00),(477000000.00),(85000000.00),574000000.00 ,596000000.00 ,(2067000000.00),436000000.00 ,472000000.00 ,548000000.00 ,(71000000.00),(70000000.00),(72000000.00),(66000000.00),,,(67000000.00),(49000000.00),,,,,,,,,,,,,,,,,,,,,,,,,,,,,,,,,,,,,,,,,,,,,,,,,,,,,,,,,,,,,,,,,,,,,,,,,,,,,,
EBIT,6773000000.00 ,1833000000.00 ,1185000000.00 ,1606000000.00 ,2150000000.00 ,1894000000.00 ,277000000.00 ,4347000000.00 ,1954000000.00 ,3116000000.00 ,2093000000.00 ,4627000000.00 ,3187000000.00 ,2949000000.00 ,1301000000.00 ,4633000000.00 ,3233000000.00 ,2590000000.00 ,1559000000.00 ,5142000000.00 ,3421000000.00 ,3216000000.00 ,1181000000.00 ,5227000000.00 ,3738000000.00 ,4339000000.00 ,3109000000.00 ,7212000000.00 ,4487000000.00 ,5307000000.00 ,3085000000.00 ,7075000000.00 ,4909000000.00 ,4242000000.00 ,3700000000.00 ,7940000000.00 ,5198000000.00 ,5278000000.00 ,3946000000.00 ,7387000000.00 ,5134000000.00 ,4982000000.00 ,3946000000.00 ,7056000000.00 ,4772000000.00 ,4665000000.00 ,3597000000.00 ,6462000000.00 ,4457000000.00 ,4363000000.00 ,3258000000.00 ,5999000000.00 ,4054000000.00 ,3959000000.00 ,3376000000.00 ,5703000000.00 ,3473000000.00 ,3272000000.00 ,2652000000.00 ,4885000000.00 ,3244000000.00 ,2961000000.00 ,2506000000.00 ,7124000000.00 ,2659000000.00 ,2800000000.00 ,2059000000.00 ,5293000000.00 ,2249000000.00 ,2467000000.00 ,2158000000.00 ,3752000000.00 ,2202000000.00 ,2312000000.00 ,1823000000.00 ,2547000000.00 ,2123000000.00 ,784000000.00 ,1183000000.00 ,1315000000.00 ,2389000000.00 ,2994000000.00 ,2597000000.00 ,4497000000.00 ,2814000000.00 ,2807000000.00 ,2133000000.00 ,3579000000.00 ,2680000000.00 ,4085000000.00 ,2140000000.00 ,3917000000.00 ,2170000000.00 ,2114000000.00 ,1552000000.00 ,3690000000.00 ,2004000000.00 ,2222000000.00 ,1839000000.00 ,3168000000.00 ,1968000000.00 ,2186000000.00 ,1981000000.00 ,1618000000.00 ,2028000000.00 ,2774000000.00 ,2118000000.00 ,3398000000.00 ,1216000000.00 ,1078000000.00 ,691000000.00 ,496000000.00 ,(29000000.00),(8834000000.00),(270000000.00),4890000000.00 ,(4041000000.00),1389000000.00 ,1168000000.00 ,(1011000000.00),589000000.00 ,355000000.00 ,1009000000.00 ,4256000000.00 ,2053000000.00 ,2587000000.00 ,2136000000.00 ,(35355000000.00),14305000000.00 ,15213000000.00 ,12730000000.00 ,(29998000000.00),13960000000.00 ,13599000000.00 ,11749000000.00 ,(28464000000.00),12727000000.00 ,8510000000.00 ,6500000000.00 ,(26446000000.00),11910000000.00 ,12268000000.00 ,10127000000.00 ,(21671000000.00),11698000000.00 
EBITDA,13507000000.00 ,,,,,,,,,,,,,,,,,,,,,,,,,,,,,,,,,,,,,,,,,,,,,,,,,,,,,,,,,,,,,,,,,,,,,,,,,,,,,,,,,,,,,,,,,,,,,,,,,,,,,,,,,,,,,,,,,,,,,,,,,,,,,,,,,,,,,,,,,,,,,,,,
ReconciledCostOfRevenue,32620000000.00 ,8342000000.00 ,8130000000.00 ,8422000000.00 ,7725000000.00 ,8028000000.00 ,8299000000.00 ,9321000000.00 ,8299000000.00 ,8952000000.00 ,8790000000.00 ,10067000000.00 ,8925000000.00 ,9797000000.00 ,9821000000.00 ,10646000000.00 ,9302000000.00 ,9505000000.00 ,9414000000.00 ,9882000000.00 ,9222000000.00 ,9569000000.00 ,9074000000.00 ,9742000000.00 ,8981000000.00 ,9534000000.00 ,9249000000.00 ,10298000000.00 ,10480000000.00 ,11317000000.00 ,10892000000.00 ,12262000000.00 ,11266000000.00 ,11744000000.00 ,11667000000.00 ,13072000000.00 ,11908000000.00 ,12407000000.00 ,12476000000.00 ,13648000000.00 ,12863000000.00 ,13148000000.00 ,12594000000.00 ,13633000000.00 ,12129000000.00 ,11788000000.00 ,11730000000.00 ,12887000000.00 ,11752000000.00 ,11500000000.00 ,11124000000.00 ,14071000000.00 ,14342000000.00 ,15221000000.00 ,14336000000.00 ,15897000000.00 ,14163000000.00 ,13834000000.00 ,13163000000.00 ,14556000000.00 ,13126000000.00 ,12876000000.00 ,12571000000.00 ,13662000000.00 ,12791000000.00 ,13495000000.00 ,14654000000.00 ,16609000000.00 ,14783000000.00 ,14628000000.00 ,14241000000.00 ,15938000000.00 ,13710000000.00 ,13633000000.00 ,12832000000.00 ,14493000000.00 ,12498000000.00 ,12381000000.00 ,12115000000.00 ,14081000000.00 ,13037000000.00 ,13530000000.00 ,13436000000.00 ,15947000000.00 ,13980000000.00 ,13708000000.00 ,12337000000.00 ,15299000000.00 ,13580000000.00 ,13681000000.00 ,13059000000.00 ,15322000000.00 ,12628000000.00 ,11677000000.00 ,11168000000.00 ,14205000000.00 ,11507000000.00 ,11471000000.00 ,10716000000.00 ,12198000000.00 ,10804000000.00 ,10992000000.00 ,9790000000.00 ,12769000000.00 ,9833000000.00 ,9900000000.00 ,9071000000.00 ,11810000000.00 ,9277000000.00 ,9247000000.00 ,8433000000.00 ,10950000000.00 ,7928000000.00 ,8472000000.00 ,6508000000.00 ,10452000000.00 ,5560000000.00 ,7060000000.00 ,5739000000.00 ,10078000000.00 ,6152000000.00 ,6014000000.00 ,5079000000.00 ,9227000000.00 ,5510000000.00 ,6580000000.00 ,5189000000.00 ,,,,,,,,,,,,,,,,,,
ReconciledDepreciation,6734000000.00 ,1680000000.00 ,1672000000.00 ,1699000000.00 ,1683000000.00 ,1679000000.00 ,1634000000.00 ,1650000000.00 ,1669000000.00 ,1294000000.00 ,1446000000.00 ,1112000000.00 ,1138000000.00 ,1116000000.00 ,1114000000.00 ,1149000000.00 ,1176000000.00 ,1117000000.00 ,1099000000.00 ,1127000000.00 ,1127000000.00 ,1103000000.00 ,1024000000.00 ,990000000.00 ,936000000.00 ,961000000.00 ,968000000.00 ,1046000000.00 ,1139000000.00 ,1166000000.00 ,1141000000.00 ,1214000000.00 ,1175000000.00 ,1136000000.00 ,1153000000.00 ,1152000000.00 ,1191000000.00 ,1176000000.00 ,1157000000.00 ,1188000000.00 ,1192000000.00 ,1207000000.00 ,1228000000.00 ,1235000000.00 ,1203000000.00 ,1183000000.00 ,1210000000.00 ,1265000000.00 ,1258000000.00 ,1242000000.00 ,1229000000.00 ,1321000000.00 ,1379000000.00 ,1403000000.00 ,1347000000.00 ,1337000000.00 ,1340000000.00 ,1284000000.00 ,1240000000.00 ,1300000000.00 ,1228000000.00 ,1247000000.00 ,1208000000.00 ,1329000000.00 ,1239000000.00 ,1338000000.00 ,1282000000.00 ,1445000000.00 ,1161000000.00 ,1127000000.00 ,1182000000.00 ,1232000000.00 ,1177000000.00 ,1176000000.00 ,1116000000.00 ,597000000.00 ,1081000000.00 ,1534000000.00 ,1167000000.00 ,1165000000.00 ,1221000000.00 ,1201000000.00 ,1233000000.00 ,1364000000.00 ,1165000000.00 ,1238000000.00 ,1228000000.00 ,1256000000.00 ,1457000000.00 ,2468000000.00 ,1404000000.00 ,1345000000.00 ,1310000000.00 ,1114000000.00 ,1223000000.00 ,1415000000.00 ,1177000000.00 ,1213000000.00 ,1196000000.00 ,1304000000.00 ,1196000000.00 ,1298000000.00 ,1214000000.00 ,1530000000.00 ,1320000000.00 ,1302000000.00 ,1450000000.00 ,1468000000.00 ,1492000000.00 ,1509000000.00 ,1826000000.00 ,1036000000.00 ,1213000000.00 ,1073000000.00 ,1388000000.00 ,780000000.00 ,3013000000.00 ,1301000000.00 ,1165000000.00 ,1605000000.00 ,1120000000.00 ,1167000000.00 ,1258000000.00 ,1103000000.00 ,1167000000.00 ,808000000.00 ,1139000000.00 ,,,,,,,,,,,,,,,,,,
NetIncomeFromContinuingOperationNetMinorityInterest,5244000000.00 ,1325000000.00 ,956000000.00 ,1264000000.00 ,1698000000.00 ,1362000000.00 ,1176000000.00 ,3669000000.00 ,1673000000.00 ,2499000000.00 ,1593000000.00 ,1953000000.00 ,2692000000.00 ,2402000000.00 ,1675000000.00 ,(1053000000.00),2726000000.00 ,2332000000.00 ,1753000000.00 ,4506000000.00 ,2854000000.00 ,2505000000.00 ,2016000000.00 ,4460000000.00 ,2962000000.00 ,3526000000.00 ,2415000000.00 ,5514000000.00 ,3455000000.00 ,4137000000.00 ,2384000000.00 ,6184000000.00 ,4041000000.00 ,3226000000.00 ,3032000000.00 ,5833000000.00 ,3823000000.00 ,3881000000.00 ,3067000000.00 ,5490000000.00 ,3839000000.00 ,3664000000.00 ,2863000000.00 ,5257000000.00 ,3589000000.00 ,3385000000.00 ,2601000000.00 ,4813000000.00 ,3214000000.00 ,3103000000.00 ,2295000000.00 ,4427000000.00 ,2824000000.00 ,2765000000.00 ,2319000000.00 ,3951000000.00 ,2362000000.00 ,2261000000.00 ,1844000000.00 ,3464000000.00 ,2222000000.00 ,2022000000.00 ,1708000000.00 ,3220000000.00 ,1516000000.00 ,1851000000.00 ,1407000000.00 ,3055000000.00 ,1800000000.00 ,1990000000.00 ,1603000000.00 ,2716000000.00 ,1785000000.00 ,1725000000.00 ,1387000000.00 ,1911000000.00 ,1694000000.00 ,445000000.00 ,1192000000.00 ,2333000000.00 ,1595000000.00 ,2045000000.00 ,1750000000.00 ,2670000000.00 ,1963000000.00 ,1941000000.00 ,1519000000.00 ,2089000000.00 ,1762000000.00 ,2391000000.00 ,1470000000.00 ,2346000000.00 ,1494000000.00 ,1452000000.00 ,1036000000.00 ,2093000000.00 ,1359000000.00 ,1446000000.00 ,1195000000.00 ,2023000000.00 ,1285000000.00 ,1347000000.00 ,774000000.00 ,1711000000.00 ,(538000000.00),1716000000.00 ,1289000000.00 ,1231000000.00 ,710000000.00 ,689000000.00 ,392000000.00 ,382000000.00 ,(48000000.00),(8036000000.00),(285000000.00),(5463000000.00),(2778000000.00),714000000.00 ,595000000.00 ,(1382000000.00),172000000.00 ,114000000.00 ,532000000.00 ,2461000000.00 ,1112000000.00 ,1410000000.00 ,1037000000.00 ,,,,,,,,,,,,,,,,,,
TotalUnusualItemsExcludingGoodwill,(270000000.00),(65000000.00),(45000000.00),(158000000.00),(2000000.00),30000000.00 ,30000000.00 ,(8000000.00),25000000.00 ,101000000.00 ,87000000.00 ,94000000.00 ,17000000.00 ,(2000000.00),(83000000.00),(52000000.00),(9000000.00),(1000000.00),(37000000.00),40000000.00 ,(33000000.00),(108000000.00),(155000000.00),12000000.00 ,37000000.00 ,107000000.00 ,5000000.00 ,(57000000.00),(113000000.00),(85000000.00),(109000000.00),(54000000.00),4000000.00 ,23000000.00 ,(5000000.00),(1387000000.00),888000000.00 ,391000000.00 ,276000000.00 ,265000000.00 ,130000000.00 ,168000000.00 ,425000000.00 ,341000000.00 ,380000000.00 ,348000000.00 ,788000000.00 ,394000000.00 ,305000000.00 ,311000000.00 ,546000000.00 ,710000000.00 ,244000000.00 ,232000000.00 ,265000000.00 ,335000000.00 ,365000000.00 ,499000000.00 ,385000000.00 ,391000000.00 ,416000000.00 ,384000000.00 ,475000000.00 ,562000000.00 ,312000000.00 ,1999000000.00 ,197000000.00 ,430000000.00 ,266000000.00 ,368000000.00 ,167000000.00 ,157000000.00 ,380000000.00 ,195000000.00 ,198000000.00 ,213000000.00 ,315000000.00 ,(156000000.00),538000000.00 ,2039000000.00 ,(73000000.00),(34000000.00),(36000000.00),125000000.00 ,173000000.00 ,130000000.00 ,189000000.00 ,,,,,,,,,,162000000.00 ,137000000.00 ,185000000.00 ,,183000000.00 ,193000000.00 ,(285000000.00),1148000000.00 ,(1632000000.00),238000000.00 ,246000000.00 ,(1108000000.00),221000000.00 ,479000000.00 ,408000000.00 ,467000000.00 ,361000000.00 ,158000000.00 ,195000000.00 ,(11474000000.00),90000000.00 ,140000000.00 ,172000000.00 ,178000000.00 ,67000000.00 ,157000000.00 ,200000000.00 ,95000000.00 ,82000000.00 ,123000000.00 ,195000000.00 ,,,,,,,,,,,,,,,,,,
TotalUnusualItems,(270000000.00),(65000000.00),(45000000.00),(158000000.00),(2000000.00),30000000.00 ,30000000.00 ,(8000000.00),25000000.00 ,101000000.00 ,87000000.00 ,94000000.00 ,17000000.00 ,(2000000.00),(83000000.00),(52000000.00),(9000000.00),(1000000.00),(37000000.00),40000000.00 ,(33000000.00),(108000000.00),(155000000.00),12000000.00 ,37000000.00 ,107000000.00 ,5000000.00 ,(57000000.00),(113000000.00),(85000000.00),(109000000.00),(54000000.00),4000000.00 ,23000000.00 ,(5000000.00),(1387000000.00),888000000.00 ,391000000.00 ,276000000.00 ,265000000.00 ,130000000.00 ,168000000.00 ,425000000.00 ,341000000.00 ,380000000.00 ,348000000.00 ,788000000.00 ,394000000.00 ,305000000.00 ,311000000.00 ,546000000.00 ,710000000.00 ,244000000.00 ,232000000.00 ,265000000.00 ,335000000.00 ,365000000.00 ,499000000.00 ,385000000.00 ,391000000.00 ,416000000.00 ,384000000.00 ,475000000.00 ,562000000.00 ,312000000.00 ,1999000000.00 ,197000000.00 ,430000000.00 ,266000000.00 ,368000000.00 ,167000000.00 ,157000000.00 ,380000000.00 ,195000000.00 ,198000000.00 ,213000000.00 ,315000000.00 ,(156000000.00),538000000.00 ,2039000000.00 ,(73000000.00),(34000000.00),(36000000.00),125000000.00 ,173000000.00 ,130000000.00 ,189000000.00 ,,,,,,,,,,162000000.00 ,137000000.00 ,185000000.00 ,,183000000.00 ,193000000.00 ,(285000000.00),1148000000.00 ,(1632000000.00),238000000.00 ,246000000.00 ,(1108000000.00),221000000.00 ,479000000.00 ,408000000.00 ,467000000.00 ,361000000.00 ,158000000.00 ,195000000.00 ,(11474000000.00),90000000.00 ,140000000.00 ,172000000.00 ,178000000.00 ,67000000.00 ,157000000.00 ,200000000.00 ,95000000.00 ,82000000.00 ,123000000.00 ,195000000.00 ,,,,,,,,,,,,,,,,,,
NormalizedEBITDA,13777000000.00 ,3578000000.00 ,2902000000.00 ,3463000000.00 ,3835000000.00 ,3543000000.00 ,1881000000.00 ,6005000000.00 ,3598000000.00 ,4309000000.00 ,3452000000.00 ,5645000000.00 ,4308000000.00 ,4067000000.00 ,2498000000.00 ,5834000000.00 ,4418000000.00 ,3708000000.00 ,2695000000.00 ,6229000000.00 ,4581000000.00 ,4427000000.00 ,2360000000.00 ,6205000000.00 ,4637000000.00 ,5193000000.00 ,4072000000.00 ,8315000000.00 ,5739000000.00 ,6558000000.00 ,4335000000.00 ,8343000000.00 ,6080000000.00 ,5355000000.00 ,4858000000.00 ,10479000000.00 ,5501000000.00 ,6063000000.00 ,4827000000.00 ,8310000000.00 ,6196000000.00 ,6021000000.00 ,4749000000.00 ,7950000000.00 ,5595000000.00 ,5500000000.00 ,4019000000.00 ,7333000000.00 ,5410000000.00 ,5294000000.00 ,3941000000.00 ,6610000000.00 ,5189000000.00 ,5130000000.00 ,4458000000.00 ,6705000000.00 ,4448000000.00 ,4057000000.00 ,3507000000.00 ,5794000000.00 ,4056000000.00 ,3824000000.00 ,3239000000.00 ,7891000000.00 ,3586000000.00 ,2139000000.00 ,3144000000.00 ,6308000000.00 ,3144000000.00 ,3226000000.00 ,3173000000.00 ,4827000000.00 ,2999000000.00 ,3293000000.00 ,2741000000.00 ,2931000000.00 ,2889000000.00 ,2474000000.00 ,1812000000.00 ,441000000.00 ,3683000000.00 ,4229000000.00 ,3866000000.00 ,5736000000.00 ,3806000000.00 ,3915000000.00 ,3172000000.00 ,4835000000.00 ,4137000000.00 ,6553000000.00 ,3544000000.00 ,5262000000.00 ,3480000000.00 ,3228000000.00 ,2775000000.00 ,5105000000.00 ,3019000000.00 ,3298000000.00 ,2850000000.00 ,4472000000.00 ,2981000000.00 ,3291000000.00 ,3480000000.00 ,2000000000.00 ,4980000000.00 ,3838000000.00 ,3322000000.00 ,5974000000.00 ,2487000000.00 ,2108000000.00 ,2109000000.00 ,1065000000.00 ,823000000.00 ,(7919000000.00),923000000.00 ,17144000000.00 ,(1118000000.00),2550000000.00 ,2161000000.00 ,416000000.00 ,1642000000.00 ,1365000000.00 ,2067000000.00 ,5264000000.00 ,3138000000.00 ,3272000000.00 ,3080000000.00 ,(35355000000.00),14305000000.00 ,15213000000.00 ,12730000000.00 ,(29998000000.00),13960000000.00 ,13599000000.00 ,11749000000.00 ,(28464000000.00),12727000000.00 ,8510000000.00 ,6500000000.00 ,(26446000000.00),11910000000.00 ,12268000000.00 ,10127000000.00 ,(21671000000.00),11698000000.00 
TaxRateForCalcs,0.06 ,0.15 ,0.40 ,0.02 ,0.07 ,0.13 ,0.27 ,0.08 ,0.27 ,0.10 ,0.15 ,0.27 ,0.10 ,0.14 ,0.27 ,0.40 ,0.11 ,0.05 ,0.40 ,0.10 ,0.13 ,0.18 ,0.40 ,0.13 ,0.18 ,0.17 ,0.20 ,0.22 ,0.21 ,0.20 ,0.20 ,0.11 ,0.16 ,0.22 ,0.16 ,0.26 ,0.25 ,0.25 ,0.20 ,0.25 ,0.24 ,0.25 ,0.25 ,0.24 ,0.23 ,0.26 ,0.26 ,0.25 ,0.27 ,0.27 ,0.27 ,0.24 ,0.28 ,0.28 ,0.28 ,0.28 ,0.28 ,0.28 ,0.29 ,0.28 ,0.30 ,0.30 ,0.30 ,0.30 ,0.40 ,0.32 ,0.30 ,0.30 ,0.29 ,0.30 ,0.30 ,0.30 ,0.30 ,0.30 ,0.30 ,0.30 ,0.30 ,0.25 ,0.30 ,0.29 ,0.30 ,0.30 ,0.30 ,0.30 ,0.30 ,0.30 ,0.30 ,0.30 ,0.33 ,0.40 ,0.30 ,0.29 ,0.30 ,0.30 ,0.32 ,0.31 ,0.32 ,0.34 ,0.36 ,0.30 ,0.35 ,0.38 ,0.40 ,0.33 ,0.40 ,0.39 ,0.40 ,0.40 ,0.40 ,0.40 ,0.40 ,0.40 ,0.40 ,0.11 ,0.25 ,0.21 ,0.35 ,0.40 ,0.40 ,0.40 ,0.40 ,0.40 ,0.40 ,0.38 ,0.40 ,0.40 ,0.40 ,,,,,,,,,,,,,,,,,,
TaxEffectOfUnusualItems,(15990667.62),(9555000.00),(18000000.00),(2941815.36),(140000.00),3990000.00 ,8100000.00 ,(649135.99),6750000.00 ,9797000.00 ,13398000.00 ,25380000.00 ,1734000.00 ,(270000.00),(22410000.00),(20800000.00),(990000.00),(45000.00),(14800000.00),3851554.66 ,(4125000.00),(19224000.00),(62000000.00),1501470.88 ,6734000.00 ,17655000.00 ,975000.00 ,(12685412.26),(23504000.00),(17000000.00),(21800000.00),(6034472.85),640000.00 ,5083000.00 ,(795000.00),(353878942.66),218937327.55 ,96973454.76 ,55329509.91 ,64993126.20 ,30722100.66 ,41991402.25 ,106222164.00 ,83252048.89 ,88398546.08 ,90518032.79 ,204902418.21 ,96817426.74 ,80835810.66 ,84572735.81 ,144632287.00 ,168942837.47 ,67092169.45 ,63809124.28 ,72837711.07 ,93821975.22 ,102155487.81 ,139916931.89 ,109722760.76 ,109648940.59 ,124773787.02 ,115239875.39 ,142500000.00 ,165844133.10 ,124800000.00 ,645121844.13 ,59100000.00 ,128980293.31 ,76825760.57 ,110412944.07 ,50100000.00 ,47043321.30 ,113895645.35 ,58594890.51 ,59370015.14 ,62910398.23 ,93032445.92 ,(39327731.09),158759314.02 ,597488787.88 ,(21525641.03),(10040661.61),(10688629.97),36869553.74 ,51887660.49 ,39004688.06 ,56700000.00 ,0.00 ,0.00 ,0.00 ,0.00 ,0.00 ,0.00 ,0.00 ,0.00 ,0.00 ,50977307.11 ,46127522.94 ,65629049.68 ,0.00 ,64174835.78 ,73418123.28 ,(114000000.00),383113707.17 ,(652800000.00),93379603.40 ,98400000.00 ,(443200000.00),88400000.00 ,191600000.00 ,163200000.00 ,186800000.00 ,144400000.00 ,16892198.27 ,48750000.00 ,(2452344559.59),31665888.94 ,56000000.00 ,68730575.18 ,71200000.00 ,26800000.00 ,62800000.00 ,80000000.00 ,36463445.17 ,32800000.00 ,49200000.00 ,78000000.00 ,,,,,,,,,,,,,,,,,,
